@IEEEtranBSTCTL{IEEEexample:BSTcontrol,
CTLuse_forced_etal="yes",
CTLmax_names_forced_etal="2",
CTLnames_show_etal="2",
CTLdash_repeated_names="no"
}

@ARTICLE{MAESTRO_TCCN,
author={Keshavamurthy, Bharath and Bliss, Matthew A. and Michelusi, Nicolò},
journal={IEEE Trans. Cogn. Commun. Netw.}, 
title={{MAESTRO-X: Distributed Orchestration of Rotary-Wing UAV-Relay Swarms}}, 
year={2023},
volume={9},
number={3},
pages={794-810},
doi={10.1109/TCCN.2023.3248859}
}

@INPROCEEDINGS{SPAVE_ICC,
author={Keshavamurthy, Bharath and Zhang, Yaguang and Anderson, Christopher R. and Michelusi, Nicolò and Love, David J. and Krogmeier, James V.},
booktitle={2023 IEEE Intl. Conf. Commun.}, 
title={{Propagation Measurements and Analyses at 28 GHz via an Autonomous Beam-Steering Platform}}, 
year={2023},
volume={},
number={},
pages={5042-5047},
doi={10.1109/ICC45041.2023.10279397}
}

@ARTICLE{DARPA:SC2,
author={Rosker, Mark},
title={{Spectrum Collaboration Challenge (SC2)}},
journal={DARPA Spectrum Collaboration Challenge (SC2)},
year={2018}
}

@SOFTWARE{Source_Code,
author={Keshavamurthy, Bharath},
title={{ACCUSTOM: Adaptive Control and Coordination of UAV Swarms for Traffic Offloading in MIMO ecosystems}},
url={https://github.com/bharathkeshavamurthy/ACCUSTOM.git}
}

@ARTICLE{Core_SoA_1,
author={Nouri, Nima and Fazel, Fahimeh and Abouei, Jamshid and Plataniotis, Konstantinos N.},
journal={IEEE Trans. Mob. Comput.}, 
title={{Multi-UAV Placement and User Association in Uplink MIMO Ultra-Dense Wireless Networks}},
year={2023},
volume={22},
number={3},
pages={1615-1632},
doi={10.1109/TMC.2021.3108960}
}

@ARTICLE{Core_SoA_1_Ref_12,
author={Mozaffari, Mohammad and Saad, Walid and Bennis, Mehdi and Debbah, Mérouane},
journal={IEEE Trans. Wireless Commun.}, 
title={{Mobile Unmanned Aerial Vehicles (UAVs) for Energy-Efficient Internet of Things Communications}}, 
year={2017},
volume={16},
number={11},
pages={7574-7589},
doi={10.1109/TWC.2017.2751045}
}

@ARTICLE{Core_SoA_1_Ref_13,
author={Lyu, Jiangbin and Zeng, Yong and Zhang, Rui and Lim, Teng Joon},
journal={IEEE Commun. Lett.}, 
title={{Placement Optimization of UAV-Mounted Mobile Base Stations}}, 
year={2017},
volume={21},
number={3},
pages={604-607},
doi={10.1109/LCOMM.2016.2633248}
}

@ARTICLE{Core_SoA_1_Ref_17,
author={Wu, Qingqing and Zeng, Yong and Zhang, Rui},
journal={IEEE Trans. Wireless Commun.}, 
title={{Joint Trajectory and Communication Design for Multi-UAV Enabled Wireless Networks}}, 
year={2018},
volume={17},
number={3},
pages={2109-2121},
doi={10.1109/TWC.2017.2789293}
}

@ARTICLE{Core_SoA_1_Ref_18_Extended_From_17,
author={Hua, Meng and Yang, Luxi and Wu, Qingqing and Swindlehurst, A. Lee},
journal={IEEE Trans. Commun.}, 
title={{3D UAV Trajectory and Communication Design for Simultaneous Uplink and Downlink Transmission}}, 
year={2020},
volume={68},
number={9},
pages={5908-5923},
doi={10.1109/TCOMM.2020.3003662}
}

@ARTICLE{Core_SoA_1_Ref_14,
author={Mozaffari, Mohammad and Saad, Walid and Bennis, Mehdi and Debbah, Mérouane},
journal={IEEE Commun. Lett.}, 
title={{Efficient Deployment of Multiple Unmanned Aerial Vehicles for Optimal Wireless Coverage}}, 
year={2016},
volume={20},
number={8},
pages={1647-1650},
doi={10.1109/LCOMM.2016.2578312}
}

@ARTICLE{Core_SoA_1_Ref_24,
author={Nouri, Nima and Abouei, Jamshid and Sepasian, Ali Reza and Jaseemuddin, Muhammad and Anpalagan, Alagan and Plataniotis, Konstantinos N.},
journal={IEEE Internet Things J.}, 
title={{Three-Dimensional Multi-UAV Placement and Resource Allocation for Energy-Efficient IoT Communication}}, 
year={2022},
volume={9},
number={3},
pages={2134-2152},
doi={10.1109/JIOT.2021.3091166}
}

@ARTICLE{Core_SoA_1_Ref_21,
author={Zhao, Nan and Pang, Xiaowei and Li, Zan and Chen, Yunfei and Li, Feng and Ding, Zhiguo and Alouini, Mohamed-Slim},
journal={IEEE Trans. Commun.}, 
title={{Joint Trajectory and Precoding Optimization for UAV-Assisted NOMA Networks}}, 
year={2019},
volume={67},
number={5},
pages={3723-3735},
doi={10.1109/TCOMM.2019.2895831}
}

@ARTICLE{Core_SoA_1_Ref_25,
title={{Energy-efficient design for mmWave-enabled NOMA-UAV networks}},
author={Pang, Xiaowei and Tang, Jie and Zhao, Nan and Zhang, Xiuyin and Qian, Yi},
journal={Sci. China Inf. Sci.},
publisher={Springer Science and Business Media LLC},
volume={64},
number={4},
month={Apr},
year={2021},
}

@article{Core_SoA_1_Ref_26,
title={{Joint 3D placement and multi-beam design for UAV-assisted wireless power transfer networks}},
journal={Physical Communication},
volume={44},
pages={101234},
year={2021},
issn={1874-4907},
doi={https://doi.org/10.1016/j.phycom.2020.101234},
url={https://www.sciencedirect.com/science/article/pii/S1874490720303116},
author={Xiangyang Duan and Shaopeng Ao and Wanmei Feng and Jie Tang and Juncheng Hu}
}

@ARTICLE{Core_SoA_1_Ref_27_Related_To_26,
author={Feng, Wanmei and Zhao, Nan and Ao, Shaopeng and Tang, Jie and Zhang, XiuYin and Fu, Yuli and So, Daniel K. C. and Wong, Kai-Kit},
journal={IEEE Trans. Veh. Technol.}, 
title={{Joint 3D Trajectory Design and Time Allocation for UAV-Enabled Wireless Power Transfer Networks}}, 
year={2020},
volume={69},
number={9},
pages={9265-9278},
doi={10.1109/TVT.2020.2972133}
}

@INPROCEEDINGS{CORES_ICASSP,
author={Hanna, Samer and Yan, Han and Cabric, Danijela},
booktitle={2019 Proc. IEEE Int. Conf. Acoust. Speech Signal Process.}, 
title={{Distributed UAV Placement Optimization for Cooperative Line-of-sight MIMO Communications}}, 
year={2019},
volume={},
number={},
pages={4619-4623},
doi={10.1109/ICASSP.2019.8683875}
}

@ARTICLE{CORES_JSAC,
author={Hanna, Samer and Krijestorac, Enes and Cabric, Danijela},
journal={IEEE J. Sel. Areas Commun.}, 
title={{UAV Swarm Position Optimization for High Capacity MIMO Backhaul}}, 
year={2021},
volume={39},
number={10},
pages={3006-3021},
doi={10.1109/JSAC.2021.3088677}
}

@ARTICLE{CORES_TWC,
author={Hanna, Samer and Cabric, Danijela},
journal={IEEE Trans. Wireless Commun.}, 
title={{Distributed Transmit Beamforming: Design and Demonstration From the Lab to UAVs}}, 
year={2023},
volume={22},
number={2},
pages={778-792},
doi={10.1109/TWC.2022.3198102}
}

@ARTICLE{Motivation_1,
author={Yang, Beiya and Yang, Erfu and Yu, Leijian and Niu, Cong},
journal={IEEE Trans. Ind. Informat.}, 
title={{Ultrasonic- and IMU-Based High-Precision UAV Localization for the Low-Cost Autonomous Inspection in Oil and Gas Pressure Vessels}}, 
year={2023},
volume={19},
number={10},
pages={10523-10534},
doi={10.1109/TII.2023.3240874}
}

@ARTICLE{Motivation_2,
author={Chung, Hwei Ming and Maharjan, Sabita and Zhang, Yan and Eliassen, Frank and Strunz, Kai},
journal={IEEE Trans. Ind. Informat.}, 
title={{Placement and Routing Optimization for Automated Inspection With Unmanned Aerial Vehicles: A Study in Offshore Wind Farm}},
year={2021},
volume={17},
number={5},
pages={3032-3043},
doi={10.1109/TII.2020.3004816}
}

@ARTICLE{LCSO,
author={Borowska, Bożena},
title={{Learning Competitive Swarm Optimization}},
journal={Entropy},
volume={24},
year={2022},
number={2},
pubmedid={35205576},
issn={1099-4300},
doi = {10.3390/e24020283}
}

@ARTICLE{UAV_Propulsion_1,
author={Yan, Hua and Chen, Yunfei and Yang, Shuang Hua},
journal={IEEE Wireless Commun. Lett.}, 
title={{New Energy Consumption Model for Rotary-Wing UAV Propulsion}}, 
year={2021},
volume={10},
number={9},
pages={2009-2012},
doi={10.1109/LWC.2021.3090772}
}

@ARTICLE{UAV_Propulsion_2,
author={Gao, Ning and Zeng, Yong and Wang, Jian and Wu, Di and Zhang, Chaoyue and Song, Qingheng and Qian, Jachen and Jin, Shi},
journal={China Communications}, 
title={{Energy model for UAV communications: Experimental validation and model generalization}},
year={2021},
volume={18},
number={7},
pages={253-264},
doi={10.23919/JCC.2021.07.020}
}

@ARTICLE{mTSP_Branch_and_Bound,
issn={0030364X, 15265463},
author={Bezalel Gavish and Kizhanathan Srikanth},
journal={Operations Research},
number={5},
pages={698--717},
publisher={INFORMS},
title={{An Optimal Solution Method for Large-Scale Multiple Traveling Salesmen Problems}},
volume={34},
year={1986}
}

@ARTICLE{ZF,
author={Jindal, N.},
journal={IEEE Trans. Inf. Theory}, 
title={{MIMO Broadcast Channels With Finite-Rate Feedback}}, 
year={2006},
volume={52},
number={11},
pages={5045-5060},
doi={10.1109/TIT.2006.883550}
}