@IEEEtranBSTCTL{IEEEexample:BSTcontrol,
CTLuse_forced_etal="yes",
CTLmax_names_forced_etal="3",
CTLnames_show_etal="3",
CTLdash_repeated_names="no"
}

@BOOK{MS_Thesis, 
title={{Optimization and Heuristics for Cognitive Radio Design}},
author={Keshavamurthy, Bharath and Michelusi, Nicolò},
publisher={Purdue University Graduate School},  
month={10},
year={2021},
DOI={10.25394/PGS.12200339.v1}, 
}

@ARTICLE{UAV_mMIMO_1,
author={Huang, Yi and Wu, Qingqing and Lu, Rui and Peng, Xiaoming and Zhang, Rui},
journal={IEEE Communications Magazine}, 
title={{Massive MIMO for Cellular-Connected UAV: Challenges and Promising Solutions}}, 
year={2021},
volume={59},
number={2},
pages={84-90},
doi={10.1109/MCOM.001.2000552}
}

@INPROCEEDINGS{UAV_mMIMO_6G,
author={Zhang, Xi and Zhu, Qixuan and Poor, H. Vincent},
booktitle={2022 IEEE Wireless Communications and Networking Conference (WCNC)}, 
title={{Massive-MIMO Based Statistical QoS Provisioning for mURLLC Over 6G UAV Mobile Wireless Networks}}, 
year={2022},
volume={},
number={},
pages={1850-1855},
doi={10.1109/WCNC51071.2022.9771841}
}

@INPROCEEDINGS{UAV_mMIMO_2,
author={Geraci, Giovanni and Garcia-Rodriguez, Adrian and Giordano, Lorenzo Galati and Lopez-Perez, David and Bjoernson, Emil},
booktitle={2018 IEEE International Conference on Communications Workshops (ICC Workshops)}, 
title={{Supporting UAV Cellular Communications through Massive MIMO}}, 
year={2018},
volume={},
number={},
pages={1-6},
doi={10.1109/ICCW.2018.8403630}
}

@ARTICLE{5GSatelliteIntegration,
author={Hosseinian, Mohsen and Choi, Jihwan P. and Chang, Seok-Ho and Lee, Jungwon},
journal={IEEE Aerospace and Electronic Systems Magazine}, 
title={{Review of 5G NTN Standards Development and Technical Challenges for Satellite Integration With the 5G Network}}, 
year={2021},
volume={36},
number={8},
pages={22-31},
doi={10.1109/MAES.2021.3072690}
}

@INPROCEEDINGS{mmWaveHAPs,
author={Dutta, Sourjya and Hsieh, Frank and Vook, Frederick W.},
booktitle={ICC 2019 - 2019 IEEE International Conference on Communications (ICC)}, 
title={{HAPS Based Communication using mmWave Bands}}, 
year={2019},
volume={},
number={},
pages={1-6},
doi={10.1109/ICC.2019.8761640}
}

@ARTICLE{JointLEOsAndHAPs,
author={Jia, Ziye and Sheng, Min and Li, Jiandong and Zhou, Di and Han, Zhu},
journal={IEEE Journal on Selected Areas in Communications}, 
title={{Joint HAP Access and LEO Satellite Backhaul in 6G: Matching Game-Based Approaches}}, 
year={2021},
volume={39},
number={4},
pages={1147-1159},
doi={10.1109/JSAC.2020.3018824}
}

@ARTICLE{UAVChargingStrategies,
author={Trotta, Angelo and Felice, Marco Di and Montori, Federico and Chowdhury, Kaushik R. and Bononi, Luciano},
journal={IEEE Transactions on Robotics}, 
title={{Joint Coverage, Connectivity, and Charging Strategies for Distributed UAV Networks}}, 
year={2018},
volume={34},
number={4},
pages={883-900},
doi={10.1109/TRO.2018.2839087}
}

@ARTICLE{UAV_HRL_1,
author={Ren, Tao and Niu, Jianwei and Dai, Bin and Liu, Xuefeng and Hu, Zheyuan and Xu, Mingliang and Guizani, Mohsen},
journal={IEEE Internet of Things Journal}, 
title={{Enabling Efficient Scheduling in Large-Scale UAV-Assisted Mobile-Edge Computing via Hierarchical Reinforcement Learning}}, 
year={2022},
volume={9},
number={10},
pages={7095-7109},
doi={10.1109/JIOT.2021.3071531}
}

@INPROCEEDINGS{HRL_DPDP,
author={Ma, Yi and Hao, Xiaotian and Hao, Jianye and Lu, Jiawen and Liu, Xing and Xialiang, Tong and Yuan, Mingxuan and Li, Zhigang and Tang, Jie and Meng, Zhaopeng},
booktitle={Advances in Neural Information Processing Systems},
editor={M. Ranzato and A. Beygelzimer and Y. Dauphin and P.S. Liang and J. Wortman Vaughan},
pages={23609--23620},
publisher={Curran Associates, Inc.},
title={{A Hierarchical Reinforcement Learning Based Optimization Framework for Large-scale Dynamic Pickup and Delivery Problems}},
url={https://proceedings.neurips.cc/paper_files/paper/2021/file/c6a01432c8138d46ba39957a8250e027-Paper.pdf},
volume={34},
year={2021}
}

@ARTICLE{CPTP_BAC,
title={{A branch-and-cut algorithm for the capacitated profitable tour problem}},
journal={Discrete Optimization},
volume={14},
pages={78-96},
year={2014},
issn={1572-5286},
doi={https://doi.org/10.1016/j.disopt.2014.08.001},
url={https://www.sciencedirect.com/science/article/pii/S157252861400036X},
author={Mads Kehlet Jepsen and Bjørn Petersen and Simon Spoorendonk and David Pisinger},
keywords={Branch-and-cut algorithm, Valid inequalities, Profitable tour problem, Capacitated shortest path problem, Traveling salesman problem}
}

@SOFTWARE{SPAVE_Source_Code,
author={Keshavamurthy, Bharath and Zhang, Yaguang},
title={{SPAVE-28G} (software)},
url={{https://github.com/bharathkeshavamurthy/SPAVE-28G.git}},
version={TAP},
month={February},
year={2023}
}

@MISC{SPAVE_Dataset,
author={Keshavamurthy, Bharath and Zhang, Yaguang and Anderson, Christopher},
title={{SPAVE-28G} (dataset)},
doi={10.5281/zenodo.7178597},
url={https://doi.org/10.5281/zenodo.7178597},
version={v1.0},
month={January},
publisher={Zenodo},
year={2023}
}

@INPROCEEDINGS{SPAVE_ICC,
author={Keshavamurthy, Bharath and Zhang, Yaguang and Anderson, Christopher R. and Michelusi, Nicolò and Love, David J. and Krogmeier, James V.},
booktitle={ICC 2023 - IEEE International Conference on Communications}, 
title={{Propagation Measurements and Analyses at 28 GHz via an Autonomous Beam-Steering Platform}}, 
year={2023},
volume={},
number={},
pages={5042-5047},
doi={10.1109/ICC45041.2023.10279397}
}

@INPROCEEDINGS{SPAVE_NRSM,
author={Keshavamurthy, Bharath and Zhang, Yaguang and Anderson, Christopher R. and Michelusi, Nicolò and Krogmeier, James V. and Love, David J.},
booktitle={2022 United States National Committee of URSI National Radio Science Meeting (USNC-URSI NRSM)},
title={{A robotic antenna alignment and tracking system for millimeter wave propagation modeling}},
doi={10.23919/USNC-URSINRSM57467.2022.9881448},
pages={145-146},
year={2022}
}

@ARTICLE{Rappaport,
author={Rappaport, Theodore S. and Sun, Shu and Mayzus, Rimma and Zhao, Hang and Azar, Yaniv and Wang, Kevin and Wong, George N. and Schulz, Jocelyn K. and Samimi, Mathew and Gutierrez, Felix},
title={{Millimeter wave mobile communications for 5G cellular: it will work!}},
doi={10.1109/ACCESS.2013.2260813},
pages={335-349},
volume={1},
journal={IEEE Access},
year={2013}
}

@INPROCEEDINGS{Purdue,
author={Zhang, Yaguang and Jyoti, Soumya and Anderson, Christopher R. and Love, David J. and Michelusi, Nicolo and Sprintson, Alex and Krogmeier, James V.},
booktitle={2018 IEEE International Conference on Communications (ICC)}, 
title={{28-GHz Channel Measurements and Modeling for Suburban Environments}}, 
year={2018},
volume={},
number={},
pages={1-6},
doi={10.1109/ICC.2018.8422820}
}

@ARTICLE{Foliage,
author={Zhang, Yaguang and Anderson, Christopher R. and Michelusi, Nicolo and Love, David J. and Baker, Kenneth R. and Krogmeier, James V.},
journal={IEEE Wireless Communications Letters}, 
title={{Propagation Modeling Through Foliage in a Coniferous Forest at 28 GHz}}, 
year={2019},
volume={8},
number={3},
pages={901-904},
doi={10.1109/LWC.2019.2899299}
}

@INPROCEEDINGS{Harvard,
author={Comiter, Marcus and Crouse, Michael and Kung, H. T. and Tarng, Jenn-Hwan and Tsai, Zuo-Min and Wu, Wei-Ting and Lee, Ta-Sung and Chang, M. C. Frank and Kuan, Yen-Cheng},
booktitle={2017 IEEE Globecom Workshops (GC Wkshps)}, 
title={{Millimeter-Wave Field Experiments with Many Antenna Configurations for Indoor Multipath Environments}},
year={2017},
volume={},
number={},
pages={1-6},
doi={10.1109/GLOCOMW.2017.8269033}
}

@INPROCEEDINGS{AgileLink,
author={Hassanieh, Haitham and Abari, Omid and Rodriguez, Michael and Abdelghany, Mohammed and Katabi, Dina and Indyk, Piotr},
booktitle={2018 ACM Special Interest Group on Data Communication (SIGCOMM)},
title={{Fast millimeter wave beam alignment}},
doi={10.1145/3230543.3230581},
isbn={9781450355674},
location={Budapest, Hungary},
note={doi: \url{10.1145/3230543.3230581}},
pages={432–445},
publisher={Association for Computing Machinery},
address={New York, NY, USA},
keywords={beam alignment, millimeter wave, 5G, sparse recovery},
numpages={14},
year={2018}
}

@INPROCEEDINGS{POWDER,
title={{POWDER: Platform for Open Wireless Data-driven Experimental Research}},
author={Joe Breen and Andrew Buffmire and Jonathon Duerig and Kevin Dutt and Eric Eide and Mike Hibler and David Johnson and Sneha Kumar Kasera and Earl Lewis and Dustin Maas and Alex Orange and Neal Patwari and Daniel Reading and Robert Ricci and David Schurig and Leigh B. Stoller and Van der Merwe, Jacobus and Kirk Webb and Gary Wong},
booktitle={Proceedings of the 14th International Workshop on Wireless Network Testbeds, Experimental Evaluation and Characterization (WiNTECH)},
year={2020},
month={September},
doi={10.1145/3411276.3412204},
url={https://www.flux.utah.edu/paper/breen-wintech20}
}

@INPROCEEDINGS{POWDER_RF,
author={Monterroso, Jose and Van der Merwe, Jacobus and Webb, Kirk and Wong, Gary},
booktitle={IEEE INFOCOM 2021 - IEEE Conference on Computer Communications Workshops (INFOCOM WKSHPS)}, 
title={{Towards using the POWDER platform for RF propagation validation}}, 
year={2021},
volume={},
number={},
pages={1-6},
doi={10.1109/INFOCOMWKSHPS51825.2021.9484469}
}

@ARTICLE{Indoor60G,
author={Gustafson, Carl and Haneda, Katsuyuki and Wyne, Shurjeel and Tufvesson, Fredrik},
journal={IEEE Transactions on Antennas and Propagation}, 
title={{On mm-Wave Multipath Clustering and Channel Modeling}}, 
year={2014},
volume={62},
number={3},
pages={1445-1455},
doi={10.1109/TAP.2013.2295836}
}

@ARTICLE{Outdoor28G,
author={Du, Jinfeng and Chizhik, Dmitry and Valenzuela, Reinaldo A. and Feick, Rodolfo and Castro, Guillermo and Rodriguez, Mauricio and Chen, Tingjun and Kohli, Manav and Zussman, Gil},
journal={IEEE Transactions on Antennas and Propagation}, 
title={{Directional Measurements in Urban Street Canyons From Macro Rooftop Sites at 28 GHz for 90\% Outdoor Coverage}},
year={2021},
volume={69},
number={6},
pages={3459-3469},
doi={10.1109/TAP.2020.3044398}
}

@INPROCEEDINGS{SAGE,
author={Yin, Xuefeng and He, Yongyu and Song, Zinuo and Kim, Myung-Don and Chung, Hyun Kyu},
booktitle={The 8th European Conference on Antennas and Propagation (EuCAP 2014)}, 
title={{A sliding-correlator-based SAGE algorithm for Mm-wave wideband channel parameter estimation}}, 
year={2014},
volume={},
number={},
pages={625-629},
doi={10.1109/EuCAP.2014.6901837}
}

@ARTICLE{NISTModeling,
author={Gentile, Camillo and Papazian, Peter B. and Golmie, Nada and Remley, Kate A. and Vouras, Peter and Senic, Jelena and Wang, Jian and Caudill, Derek and Lai, Chiehping and Sun, Ruoyu and Chuang, Jack},
journal={IEEE Communications Magazine}, 
title={{Millimeter-Wave Channel Measurement and Modeling: A NIST Perspective}}, 
year={2018},
volume={56},
number={12},
pages={30-37},
doi={10.1109/MCOM.2018.1800222}
}

@INPROCEEDINGS{Commercial,
author={Narayanan, Arvind and Rochman, Muhammad Iqbal and Hassan, Ahmad and Firmansyah, Bariq S. and Sathya, Vanlin and Ghosh, Monisha and Qian, Feng and Zhang, Zhi-Li},
booktitle={IEEE INFOCOM 2022 - IEEE Conference on Computer Communications}, 
title={{A Comparative Measurement Study of Commercial 5G mmWave Deployments}}, 
year={2022},
volume={},
number={},
pages={800-809},
doi={10.1109/INFOCOM48880.2022.9796693}
}

@ARTICLE{MolischSpatialOutdoor,
author={Karttunen, Aki and Molisch, Andreas F. and Hur, Sooyoung and Park, Jeongho and Zhang, Charlie Jianzhong},
journal={IEEE Transactions on Wireless Communications}, 
title={{Spatially Consistent Street-by-Street Path Loss Model for 28-GHz Channels in Micro Cell Urban Environments}}, 
year={2017},
volume={16},
number={11},
pages={7538-7550},
doi={10.1109/TWC.2017.2749570}
}

@ARTICLE{MacCartneyModelsOverview,
author={Rappaport, Theodore S. and Xing, Yunchou and MacCartney, George R. and Molisch, Andreas F. and Mellios, Evangelos and Zhang, Jianhua},
journal={IEEE Transactions on Antennas and Propagation}, 
title={{Overview of Millimeter Wave Communications for Fifth-Generation (5G) Wireless Networks—With a Focus on Propagation Models}}, 
year={2017},
volume={65},
number={12},
pages={6213-6230},
doi={10.1109/TAP.2017.2734243}
}

@INPROCEEDINGS{MacCartneySpatialStatistics,
author={Sun, Shu and Yan, Hangsong and MacCartney, George R. and Rappaport, Theodore S.},
booktitle={2017 IEEE International Conference on Communications (ICC)}, 
title={{Millimeter wave small-scale spatial statistics in an urban microcell scenario}}, 
year={2017},
volume={},
number={},
pages={1-7},
doi={10.1109/ICC.2017.7996408}
}

@ARTICLE{Sounder,
author={Pirkl, Ryan J. and Durgin, Gregory D.},
journal={IEEE Transactions on Wireless Communications}, 
title={{Optimal Sliding Correlator Channel Sounder Design}}, 
year={2008},
volume={7},
number={9},
pages={3488-3497},
doi={10.1109/TWC.2008.070278}
}

@ARTICLE{MoreSAGE,
author={Wang, Rui and Bas, Celalettin Umit and Cheng, Zihang and Choi, Thomas and Feng, Hao and Li, Zheda and Ye, Xiaokang and Tang, Pan and Sangodoyin, Seun and Gómez-Ponce, Jorge and Monroe, Robert and Henige, Thomas and Xu, Gary and Zhang, Jianzhong and Park, Jeongho and Molisch, Andreas F.},
journal={IEEE Transactions on Wireless Communications}, 
title={{Enabling Super-Resolution Parameter Estimation for mm-Wave Channel Sounding}}, 
year={2020},
volume={19},
number={5},
pages={3077-3090},
doi={10.1109/TWC.2020.2970401}
}

@ARTICLE{CapacityEvaluation,
author={Akdeniz, Mustafa Riza and Liu, Yuanpeng and Samimi, Mathew K. and Sun, Shu and Rangan, Sundeep and Rappaport, Theodore S. and Erkip, Elza},
journal={IEEE Journal on Selected Areas in Communications}, 
title={{Millimeter Wave Channel Modeling and Cellular Capacity Evaluation}}, 
year={2014},
volume={32},
number={6},
pages={1164-1179},
doi={10.1109/JSAC.2014.2328154}
}

@ARTICLE{QDC,
author={Wang, Jian and Gentile, Camillo and Papazian, Peter B. and Choi, Jae-Kark and Senic, Jelena},
journal={IEEE Antennas and Wireless Propagation Letters}, 
title={{Quasi-Deterministic Model for Doppler Spread in Millimeter-Wave Communication Systems}}, 
year={2017},
volume={16},
number={},
pages={2195-2198},
doi={10.1109/LAWP.2017.2705578}
}

@INPROCEEDINGS{UnsupervisedClustering60G83G,
author={Wang, Jian and Gentile, Camillo and Senic, Jelena and Sun, Ruoyu and Papazian, Peter B. and Lai, Chiehping},
booktitle={2017 IEEE 86th Vehicular Technology Conference (VTC-Fall)}, 
title={{Unsupervised Clustering for Millimeter-Wave Channel Propagation Modeling}}, 
year={2017},
volume={},
number={},
pages={1-4},
doi={10.1109/VTCFall.2017.8288377}
}

@ARTICLE{UCSB,
author={Halperin, Daniel and Kandula, Srikanth and Padhye, Jitendra and Bahl, Paramvir and Wetherall, David},
title={{Augmenting Data Center Networks with Multi-Gigabit Wireless Links}},
year={2011},
issue_date={August 2011},
publisher={Association for Computing Machinery},
address={New York, NY, USA},
volume={41},
number={4},
issn={0146-4833},
url={https://doi.org/10.1145/2043164.2018442},
doi={10.1145/2043164.2018442},
journal={SIGCOMM Comput. Commun. Rev.},
month={August},
pages={38–49},
numpages={12}
}

@ARTICLE{MolischEstimate,
author={Wang, Rui and Renaudin, Olivier and Bas, C. Umit and Sangodoyin, Seun and Molisch, Andreas F.},
journal={IEEE Transactions on Wireless Communications}, 
title={{High-Resolution Parameter Estimation for Time-Varying Double Directional V2V Channel}}, 
year={2017},
volume={16},
number={11},
pages={7264-7275},
doi={10.1109/TWC.2017.2744628}
}

@ARTICLE{MolischSpatialIndoorOutdoor,
author={Ko, Junghoon and Cho, Yeon-Jea and Hur, Sooyoung and Kim, Taehwan and Park, Jeongho and Molisch, Andreas F. and Haneda, Katsuyuki and Peter, Michael and Park, Dong-Jo and Cho, Dong-Ho},
journal={IEEE Transactions on Wireless Communications}, 
title={{Millimeter-Wave Channel Measurements and Analysis for Statistical Spatial Channel Model in In-Building and Urban Environments at 28 GHz}}, 
year={2017},
volume={16},
number={9},
pages={5853-5868},
doi={10.1109/TWC.2017.2716924}
}

@INPROCEEDINGS{MacCartneyUrbanHumanBlockage,
author={MacCartney, George R. and Rappaport, Theodore S. and Rangan, Sundeep},
booktitle={GLOBECOM 2017 - 2017 IEEE Global Communications Conference}, 
title={{Rapid Fading Due to Human Blockage in Pedestrian Crowds at 5G Millimeter-Wave Frequencies}}, 
year={2017},
volume={},
number={},
pages={1-7},
doi={10.1109/GLOCOM.2017.8254900}
}

@INPROCEEDINGS{MacCartneyRural,
author={MacCartney, George R. and Rappaport, Theodore S.},
booktitle={2017 IEEE International Conference on Communications (ICC)}, 
title={{Study on 3GPP rural macrocell path loss models for millimeter wave wireless communications}}, 
year={2017},
volume={},
number={},
pages={1-7},
doi={10.1109/ICC.2017.7996793}
}

@INPROCEEDINGS{Qualcomm3GPP,
author={Haneda, Katsuyuki and Zhang, Jianhua and Tan, Lei and Liu, Guangyi and Zheng, Yi and Asplund, Henrik and Li, Jian and Wang, Yi and Steer, David and Li, Clara and Balercia, Tommaso and Lee, Sunguk and Kim, YoungSuk and Ghosh, Amitava and Thomas, Timothy and Nakamura, Takehiro and Kakishima, Yuichi and Imai, Tetsuro and Papadopoulos, Haralabos and Rappaport, Theodore S. and MacCartney, George R. and Samimi, Mathew K. and Sun, Shu and Koymen, Ozge and Hur, Sooyoung and Park, Jeongho and Zhang, Charlie and Mellios, Evangelos and Molisch, Andreas F. and Ghassamzadeh, Saeed S. and Ghosh, Arun},
booktitle={2016 IEEE 83rd Vehicular Technology Conference (VTC Spring)}, 
title={{5G 3GPP-Like Channel Models for Outdoor Urban Microcellular and Macrocellular Environments}}, 
year={2016},
volume={},
number={},
pages={1-7},
doi={10.1109/VTCSpring.2016.7503971}
}

@INPROCEEDINGS{DopplerHST,
author={Park, Jae-Joon and Lee, Juyul and Kim, Kyung-Won and Kim, Myung-Don},
booktitle={2020 14th European Conference on Antennas and Propagation (EuCAP)}, 
title={{28-GHz High-Speed Train Measurements and Propagation Characteristics Analysis}}, 
year={2020},
volume={},
number={},
pages={1-5},
doi={10.23919/EuCAP48036.2020.9135221}
}

@ARTICLE{PDAPs,
author={Zhang, Peize and Yang, Bensheng and Yi, Cheng and Wang, Haiming and You, Xiaohu},
journal={IEEE Transactions on Antennas and Propagation}, 
title={{Measurement-Based 5G Millimeter-Wave Propagation Characterization in Vegetated Suburban Macrocell Environments}}, 
year={2020},
volume={68},
number={7},
pages={5556-5567},
doi={10.1109/TAP.2020.2975365}
}

@INPROCEEDINGS{SpatialDynamics,
author={Porrat, Dana and Hayar, Aawatif and Kaminsky, Eli and Uziel, Moshe},
booktitle={VTC Spring 2009 - IEEE 69th Vehicular Technology Conference}, 
title={{Spatial Dynamics of Indoor Radio Channels}}, 
year={2009},
volume={},
number={},
pages={1-5},
doi={10.1109/VETECS.2009.5073857}
}

@INPROCEEDINGS{V2XBlockages,
author={Haneda, Katsuyuki and Zhang, Jianhua and Tan, Lei and Liu, Guangyi and Zheng, Yi and Asplund, Henrik and Li, Jian and Wang, Yi and Steer, David and Li, Clara and Balercia, Tommaso and Lee, Sunguk and Kim, YoungSuk and Ghosh, Amitava and Thomas, Timothy and Nakamura, Takehiro and Kakishima, Yuichi and Imai, Tetsuro and Papadopoulos, Haralabos and Rappaport, Theodore S. and MacCartney, George R. and Samimi, Mathew K. and Sun, Shu and Koymen, Ozge and Hur, Sooyoung and Park, Jeongho and Zhang, Charlie and Mellios, Evangelos and Molisch, Andreas F. and Ghassamzadeh, Saeed S. and Ghosh, Arun},
booktitle={2016 IEEE 83rd Vehicular Technology Conference (VTC Spring)}, 
title={{5G 3GPP-Like Channel Models for Outdoor Urban Microcellular and Macrocellular Environments}}, 
year={2016},
volume={},
number={},
pages={1-7},
doi={10.1109/VTCSpring.2016.7503971}
}

@ARTICLE{SpatialConsistencyOriginal,
author={Rappaport, T.S. and Seidel, S.Y. and Takamizawa, K.},
journal={IEEE Transactions on Communications}, 
title={{Statistical channel impulse response models for factory and open plan building radio communicate system design}}, 
year={1991},
volume={39},
number={5},
pages={794-807},
doi={10.1109/26.87142}
}

@INPROCEEDINGS{MacCartneySpatialConsistency,
author={Samimi, Mathew K. and MacCartney, George R. and Sun, Shu and Rappaport, Theodore S.},
booktitle={2016 IEEE 83rd Vehicular Technology Conference (VTC Spring)}, 
title={28 GHz Millimeter-Wave Ultrawideband Small-Scale Fading Models in Wireless Channels}, 
year={2016},
volume={},
number={},
pages={1-6},
doi={10.1109/VTCSpring.2016.7503970}
}

@INPROCEEDINGS{QDC_NIST,
author={Lecci, Mattia and Polese, Michele and Lai, Chiehping and Wang, Jian and Gentile, Camillo and Golmie, Nada and Zorzi, Michele},
booktitle={GLOBECOM 2020 - 2020 IEEE Global Communications Conference}, 
title={{Quasi-Deterministic Channel Model for mmWaves: Mathematical Formalization and Validation}}, 
year={2020},
volume={},
number={},
pages={1-6},
doi={10.1109/GLOBECOM42002.2020.9322374}
}

@ARTICLE{SuburbanGeometryJournal,
title={{Improving Millimeter-Wave Channel Models for Suburban Environments with Site-Specific Geometric Features}},
volume={34},
url={https://journals.riverpublishers.com/index.php/ACES/article/view/8713},
number={02},
journal={The Applied Computational Electromagnetics Society Journal (ACES)},
author={Yaguang Zhang and Soumya Jyoti and Christopher R. Anderson and Nicolo Michelusi and David J. Love and Alex Sprintson and James V. Krogmeier},
year={2021},
month={Jul.},
pages={375–378}
}

@INPROCEEDINGS{DigitalDivide,
author={Zhang, Yaguang and Krogmeier, James V. and Anderson, Christopher R. and Love, David J.},
booktitle={2022 56th Asilomar Conference on Signals, Systems, and Computers}, 
title={{Overcoming the Digital Divide by Large-Scale Coverage Analyses for mmWave Cellular Networks}}, 
year={2022},
volume={},
number={},
pages={1190-1194},
doi={10.1109/IEEECONF56349.2022.10051865}
}

@INPROCEEDINGS{FoliageSimulations,
author={Zhang, Yaguang and Tan, John A. and Dorbert, Bryan M. and Anderson, Christopher R. and Krogmeier, James V.},
booktitle={GLOBECOM 2020 - 2020 IEEE Global Communications Conference}, 
title={{Simulation-Aided Measurement-Based Channel Modeling for Propagation at 28 GHz in a Coniferous Forest}}, 
year={2020},
volume={},
number={},
pages={1-6},
doi={10.1109/GLOBECOM42002.2020.9322386}
}

@INPROCEEDINGS{D2DHumanBlockage,
author={Jacob, Martin and Priebe, Sebastian and Kürner, Thomas and Peter, Michael and Wisotzki, Mike and Felbecker, Robert and Keusgen, Wilhelm},
booktitle={2013 7th European Conference on Antennas and Propagation (EuCAP)}, 
title={{Fundamental analyses of 60 GHz human blockage}}, 
year={2013},
volume={},
number={},
pages={117-121},
doi={}
}

@ARTICLE{6GAINative,
author={Hoydis, Jakob and Aoudia, Fayçal Ait and Valcarce, Alvaro and Viswanathan, Harish},
journal={IEEE Communications Magazine}, 
title={{Toward a 6G AI-Native Air Interface}}, 
year={2021},
volume={59},
number={5},
pages={76-81},
doi={10.1109/MCOM.001.2001187}
}

@INPROCEEDINGS{SiteSpecificProbingBeams,
author={Heng, Yuqiang and Mo, Jianhua and Andrews, Jeffrey G.},
booktitle={2021 IEEE Global Communications Conference (GLOBECOM)}, 
title={{Learning Probing Beams for Fast mmWave Beam Alignment}}, 
year={2021},
volume={},
number={},
pages={1-6},
doi={10.1109/GLOBECOM46510.2021.9685512}
}

@MISC{SiteSpecificGridFree,
title={{Grid-Free MIMO Beam Alignment through Site-Specific Deep Learning}}, 
author={Yuqiang Heng and Jeffrey G. Andrews},
year={2022},
eprint={2209.08198},
archivePrefix={arXiv},
primaryClass={cs.IT}
}

@MISC{OTAGANs,
title={{Over-the-Air Design of GAN Training for mmWave MIMO Channel Estimation}}, 
author={Akash Doshi and Manan Gupta and Jeffrey G. Andrews},
year={2022},
eprint={2205.12445},
archivePrefix={arXiv},
primaryClass={eess.SP}
}

@MISC{CVBeamAlignmentV2X,
title={{Computer Vision Aided mmWave Beam Alignment in V2X Communications}}, 
author={Weihua Xu and Feifei Gao and Xiaoming Tao and Jianhua Zhang and Ahmed Alkhateeb},
year={2022},
eprint={2207.11409},
archivePrefix={arXiv},
primaryClass={eess.SP}
}

@ARTICLE{VehicularBeamSelection,
author={Wang, Yuyang and Klautau, Aldebaro and Ribero, Mónica and Soong, Anthony C. K. and Heath, Robert W.},
journal={IEEE Access}, 
title={{MmWave Vehicular Beam Selection With Situational Awareness Using Machine Learning}}, 
year={2019},
volume={7},
number={},
pages={87479-87493},
doi={10.1109/ACCESS.2019.2922064}
}

@ARTICLE{UAVBeamTracking,
author={Yang, Lu and Zhang, Wei},
journal={IEEE Transactions on Wireless Communications}, 
title={{Beam Tracking and Optimization for UAV Communications}}, 
year={2019},
volume={18},
number={11},
pages={5367-5379},
doi={10.1109/TWC.2019.2935972}
}

@ARTICLE{MAESTRO_TCCN,
author={Keshavamurthy, Bharath and Bliss, Matthew A. and Michelusi, Nicolò},
journal={IEEE Transactions on Cognitive Communications and Networking}, 
title={{MAESTRO-X: Distributed Orchestration of Rotary-Wing UAV-Relay Swarms}}, 
year={2023},
volume={9},
number={3},
pages={794-810},
doi={10.1109/TCCN.2023.3248859}
}

@ARTICLE{IoV,
author={Guerna, Abderrahim and Bitam, Salim and Calafate, Carlos T.},
title={{Roadside Unit Deployment in Internet of Vehicles Systems: A Survey}},
journal={Sensors},
volume={22},
year={2022},
number={9},
url={https://www.mdpi.com/1424-8220/22/9/3190},
doi={10.3390/s22093190}
}

@ARTICLE{6GSurvey,
author={Wang, Cheng-Xiang and You, Xiaohu and Gao, Xiqi and Zhu, Xiuming and Li, Zixin and Zhang, Chuan and Wang, Haiming and Huang, Yongming and Chen, Yunfei and Haas, Harald and Thompson, John S. and Larsson, Erik G. and Renzo, Marco Di and Tong, Wen and Zhu, Peiying and Shen, Xuemin and Poor, H. Vincent and Hanzo, Lajos},
journal={IEEE Communications Surveys \& Tutorials}, 
title={{On the Road to 6G: Visions, Requirements, Key Technologies and Testbeds}}, 
year={2023},
volume={},
number={},
pages={1-1},
doi={10.1109/COMST.2023.3249835}
}

@ARTICLE{5GBSurvey,
author={Gutierrez, Carlos A. and Caicedo, Oscar and Campos-Delgado, Daniel Ulises},
journal={IEEE Latin America Transactions}, 
title={{5G and Beyond: Past, Present and Future of the Mobile Communications}}, 
year={2021},
volume={19},
number={10},
pages={1702-1736},
doi={10.1109/TLA.2021.9477273}
}

@ARTICLE{mmWaveSurvey,
author={Xiao, Ming and Mumtaz, Shahid and Huang, Yongming and Dai, Linglong and Li, Yonghui and Matthaiou, Michail and Karagiannidis, George K. and Björnson, Emil and Yang, Kai and I, Chih-Lin and Ghosh, Amitabha},
journal={IEEE Journal on Selected Areas in Communications}, 
title={{Millimeter Wave Communications for Future Mobile Networks}}, 
year={2017},
volume={35},
number={9},
pages={1909-1935},
doi={10.1109/JSAC.2017.2719924}
}

@ARTICLE{mmWaveRuralNTNOpportunities,
author={Zhang, Yaguang and Love, David J. and Krogmeier, James V. and Anderson, Christopher R. and Heath, Robert W. and Buckmaster, Dennis R.},
journal={IEEE Communications Magazine},
title={{Challenges and Opportunities of Future Rural Wireless Communications}}, 
year={2021},
volume={59},
number={12},
pages={16-22},
doi={10.1109/MCOM.001.2100280}
}

@ARTICLE{UMiChannelModelsRT,
author={Lee, Jae-Hyun and Choi, Jeong-Sik and Lee, Jung-Yong and Kim, Seong-Cheol},
journal={IEEE Antennas and Wireless Propagation Letters}, 
title={{28 GHz Millimeter-Wave Channel Models in Urban Microcell Environment Using Three-Dimensional Ray Tracing}}, 
year={2018},
volume={17},
number={3},
pages={426-429},
doi={10.1109/LAWP.2018.2793872}
}

@ARTICLE{CellCoverageAnalysisRT,
author={Lee, Jae-Hyun and Choi, Jeong-Sik and Kim, Seong-Cheol},
journal={IEEE Transactions on Antennas and Propagation}, 
title={{Cell Coverage Analysis of 28 GHz Millimeter Wave in Urban Microcell Environment Using 3-D Ray Tracing}}, 
year={2018},
volume={66},
number={3},
pages={1479-1487},
doi={10.1109/TAP.2018.2797531}
}

@ARTICLE{GeometricClusteringRT,
author={Zhang, Guojin and Nielsen, Jesper Ødum and Cai, Xuesong and Pedersen, Gert Frølund and Fan, Wei},
journal={IEEE Antennas and Wireless Propagation Letters}, 
title={{Geometry-Based Clustering Characteristics for Outdoor Measurements at 28–30 GHz}}, 
year={2022},
volume={21},
number={9},
pages={1797-1801},
doi={10.1109/LAWP.2022.3180179}
}

@ARTICLE{HumanBodyEffects,
author={Zhao, Kun and Gustafson, Carl and Liao, Qingbi and Zhang, Shuai and Bolin, Thomas and Ying, Zhinong and He, Sailing},
journal={IEEE Transactions on Antennas and Propagation}, 
title={{Channel Characteristics and User Body Effects in an Outdoor Urban Scenario at 15 and 28 GHz}}, 
year={2017},
volume={65},
number={12},
pages={6534-6548},
doi={10.1109/TAP.2017.2740959}
}

@ARTICLE{UMiStreetByStreetModelsRT,
author={Karttunen, Aki and Molisch, Andreas F. and Hur, Sooyoung and Park, Jeongho and Zhang, Charlie Jianzhong},
journal={IEEE Transactions on Wireless Communications}, 
title={{Spatially Consistent Street-by-Street Path Loss Model for 28-GHz Channels in Micro Cell Urban Environments}},
year={2017},
volume={16},
number={11},
pages={7538-7550},
doi={10.1109/TWC.2017.2749570}
}

@ARTICLE{MapBasedEvaluations5GRT,
author={Kyösti, Pekka and Lehtomäki, Janne and Medbo, Jonas and Latva-aho, Matti},
journal={IEEE Transactions on Antennas and Propagation}, 
title={{Map-Based Channel Model for Evaluation of 5G Wireless Communication Systems}}, 
year={2017},
volume={65},
number={12},
pages={6491-6504},
doi={10.1109/TAP.2017.2754443}
}

@ARTICLE{IndoorOAM30G,
author={Wang, Yang and Zhang, Zhejia and Liao, Xi and Tian, Yi and Zhou, Jihua and Zhang, Jie},
journal={IEEE Antennas and Wireless Propagation Letters}, 
title={{Propagation Measurement and Channel Characteristics of Small Office OAM Communication at 30 GHz}}, 
year={2023},
volume={22},
number={4},
pages={839-843},
doi={10.1109/LAWP.2022.3226469}
}

@ARTICLE{ChannelSparsity,
author={Sloane, William and Gentile, Camillo and Shafi, Mansoor and Senic, Jelena and Martin, Philippa A. and Woodward, Graeme K.},
journal={IEEE Antennas and Wireless Propagation Letters}, 
title={{Measurement-Based Analysis of Millimeter-Wave Channel Sparsity}}, 
year={2023},
volume={22},
number={4},
pages={784-788},
doi={10.1109/LAWP.2022.3225246}
}

@ARTICLE{PLMLApproaches,
author={Rafie, Irfan Farhan Mohamad and Lim, Soo Yong and Chung, Michael Jenn Hwan},
journal={IEEE Antennas and Wireless Propagation Letters}, 
title={{Path Loss Prediction in Urban Areas: A Machine Learning Approach}}, 
year={2023},
volume={22},
number={4},
pages={809-813},
doi={10.1109/LAWP.2022.3225792}
}

@ARTICLE{PLModelsUrbanWaterLand,
author={Liao, Xi and Li, Xuan and Wang, Yang and Zhou, Jihua and Zhao, Tao and Zhang, Jie},
journal={IEEE Antennas and Wireless Propagation Letters}, 
title={{Path Loss Modeling in Urban Water–Land Environments at 28 GHz: Considering Water Surface Reflection and Building Diffraction}}, 
year={2023},
volume={22},
number={4},
pages={744-748},
doi={10.1109/LAWP.2022.3224155}
}

@MISC{V2VSounder,
title={{A Real-Time Millimeter Wave V2V Channel Sounder}}, 
author={Aditya Chopra and Andrew Thornburg and Ojas Kanhere and Saeed S. Ghassemzadeh and Milap Majmundar and Theodore S. Rappaport},
year={2022},
eprint={2203.09057},
archivePrefix={arXiv},
primaryClass={cs.IT}
}

@INPROCEEDINGS{V2XOmniPAAMs,
author={Chopra, Aditya and Thornburg, Andrew and Kanhere, Ojas and Termos, Abbas and Ghassemzadeh, Saeed S. and Rappaport, Theodore S.},
booktitle={GLOBECOM 2020 - 2020 IEEE Global Communications Conference}, 
title={{Real-time Millimeter Wave Omnidirectional Channel Sounder Using Phased Array Antennas}}, 
year={2020},
volume={},
number={},
pages={1-7},
doi={10.1109/GLOBECOM42002.2020.9322491}
}

@SOFTWARE{MAESTRO_Source_Code,
author={Keshavamurthy, Bharath},
doi={10.5281/zenodo.7545989},
month={January},
title={{TCCN | MAESTRO-X: Distributed Orchestration of Rotary-Wing UAV-Relay Swarms}},
url={https://github.com/bharathkeshavamurthy/MAESTRO-X.git},
version={v2.0},
year={2023}
}

@BOOK{Bertsekas,
author={Bertsekas, Dimitri P.},
title={{Dynamic Programming and Optimal Control, Vol. II}},
year={2007},
isbn={1886529302},
publisher={Athena Scientific},
edition={4th}
}

@INPROCEEDINGS{MAESTRO_ASILOMAR,
author={Keshavamurthy, Bharath and Michelusi, Nicolò},
booktitle={2022 56th Asilomar Conference on Signals, Systems, and Computers}, 
title={{Multiscale Adaptive Scheduling and Path-Planning for Power-Constrained UAV-Relays via SMDPs}}, 
year={2022},
volume={},
number={},
pages={1091-1097},
doi={10.1109/IEEECONF56349.2022.10051942}
}

@ARTICLE{LESSA_TCCN,
author={Keshavamurthy, Bharath and Michelusi, Nicolò},
journal={IEEE Transactions on Cognitive Communications and Networking}, 
title={{Learning-Based Spectrum Sensing and Access in Cognitive Radios via Approximate POMDPs}},
year={2022},
volume={8},
number={2},
pages={514-528},
doi={10.1109/TCCN.2021.3129802}
}

@ARTICLE{TF1,
author={{TensorFlow}},
title={{The TensorFlow Blog}},
journal={{TensorFlow Blog}},
url={https://blog.tensorflow.org/},
year={2021}
}

@ARTICLE{TF2,
author={{TensorFlowCore}},
title={{Use a GPU | TensorFlow Core}},
journal={{TensorFlow Documentation}},
url={https://www.tensorflow.org/guide/gpu},
year={2022}
}

@ARTICLE{LoSDominance, 
author={Y. {Zeng} and R. {Zhang} and T. J. {Lim}}, 
journal={{IEEE Communications Magazine}}, 
title={{Wireless communications with unmanned aerial vehicles: opportunities and challenges}}, 
year={2016}, 
volume={54}, 
number={5}, 
pages={36-42}, 
doi={10.1109/MCOM.2016.7470933}, 
ISSN={0163-6804}, 
month={May}
}

@ARTICLE{FundamentalTradeoffs,
author={Wu, Qingqing and Liu, Liang and Zhang, Rui},
year={2019},
month={02},
pages={36-44},
title={{Fundamental Trade-offs in Communication and Trajectory Design for UAV-Enabled Wireless Network}},
volume={26},
journal={{IEEE Wireless Communications}},
doi={10.1109/MWC.2018.1800221}
}

@ARTICLE{UAVSurvey, 
author={A. {Fotouhi} and H. {Qiang} and M. {Ding} and M. {Hassan} and L. G. {Giordano} and A. {Garcia-Rodriguez} and J. {Yuan}}, 
journal={{IEEE Communications Surveys Tutorials}}, 
title={{Survey on UAV Cellular Communications: Practical Aspects, Standardization Advancements, Regulation, and Security Challenges}}, 
year={2019}, 
volume={}, 
number={}, 
pages={1-1}, 
keywords={Drones;Cellular networks;Tutorials;Payloads;Base stations;Australia;3GPP;Unmanned Aerial Vehicles;Drones;Cellular Networks;Standardization;5G and Beyond;Flying User Equipment;Flying Base Stations;Regulation;Security.}, 
doi={10.1109/COMST.2019.2906228}, 
ISSN={1553-877X}, 
month={}
}

@ARTICLE{UAVTutorial, 
author={M. {Mozaffari} and W. {Saad} and M. {Bennis} and Y. {Nam} and M. {Debbah}}, 
journal={{IEEE Communications Surveys Tutorials}}, 
title={{A Tutorial on UAVs for Wireless Networks: Applications, Challenges, and Open Problems}},
year={2019}, 
volume={}, 
number={}, 
pages={1-1}, 
keywords={Drones;Ad hoc networks;Base stations;Tutorials;Wireless networks}, 
doi={10.1109/COMST.2019.2902862}, 
ISSN={1553-877X}, 
month={}
}
  
@MISC{VerizonPublicSafety,
author={Verizon Communications Inc.},
title={{Autonomous Drone Surveillance}},
year={2021},
url={{https://www.verizon.com/business/resources/5g/5g-business-use-cases/public-sector/autonomous-drone-surveillance/}}
}

@MISC{VerizonDisasterRelief,
author={Diana Alvear},
title={{Inside Verizon | Up to Speed | Drones, robots and the power of 5G}},
month={July},
year={2021}
}

@MISC{VerizonAgriculture,
author={Suzanne Guillette},
title={{Verizon News Archives | Robots, drones and sensors are changing the way we farm}},
month={March},
year={2019}
}

@ARTICLE{SCA, 
author={Y. {Zeng} and J. {Xu} and R. {Zhang}}, 
journal={{IEEE Transactions on Wireless Communications}}, 
title={{Energy Minimization for Wireless Communication With Rotary-Wing UAV}},
year={2019}, 
volume={18}, 
number={4}, 
pages={2329-2345}, 
keywords={Wireless communication;Unmanned aerial vehicles;Trajectory;Power demand;Propulsion;Optimization;Minimization;UAV communication;rotary-wing UAV;energy model;energy-efficient communication;trajectory optimization;path discretization}, 
doi={10.1109/TWC.2019.2902559}, 
ISSN={1536-1276}, 
month={April}
}

@ARTICLE{CSCA-ADMM,
author={Hu, Qiyu and Cai, Yunlong and Liu, An and Yu, Guanding and Li, Geoffrey Ye},
journal={{IEEE Transactions on Wireless Communications}},
title={{Low-Complexity Joint Resource Allocation and Trajectory Design for UAV-Aided Relay Networks With the Segmented Ray-Tracing Channel Model}},
year={2020},
volume={19},
number={9},
doi={10.1109/TWC.2020.3000864}
}

@ARTICLE{DDQN,
title={{Multi-UAV Path Planning for Wireless Data Harvesting With Deep Reinforcement Learning}},
volume={2},
ISSN={2644-125X},
DOI={10.1109/ojcoms.2021.3081996},
journal={{IEEE Open Journal of the Communications Society}},
publisher={Institute of Electrical and Electronics Engineers (IEEE)},
author={Bayerlein, Harald and Theile, Mirco and Caccamo, Marco and Gesbert, David},
year={2021},
pages={1171–1187}
}

@ARTICLE{PAoI,  
author={Abd-Elmagid, Mohamed A. and Dhillon, Harpreet S.},
journal={{IEEE Transactions on Vehicular Technology}},
title={{Average Peak Age-of-Information Minimization in UAV-Assisted IoT Networks}},
year={2019},
volume={68},
number={2},
pages={2003-2008},
doi={10.1109/TVT.2018.2885871}
}

@ARTICLE{MEC-CVX,
author={Hu, Xiaoyan and Wong, Kai-Kit and Yang, Kun and Zheng, Zhongbin},
journal={{IEEE Transactions on Wireless Communications}},
title={{UAV-Assisted Relaying and Edge Computing: Scheduling and Trajectory Optimization}},
year={2019},
volume={18},
number={10},
pages={4738-4752},
doi={10.1109/TWC.2019.2928539}
}

@ARTICLE{MEC-DDPG,
author={Wang, Liang and Wang, Kezhi and Pan, Cunhua and Xu, Wei and Aslam, Nauman and Hanzo, Lajos},
journal={{IEEE Transactions on Cognitive Communications and Networking}},
title={{Multi-Agent Deep Reinforcement Learning-Based Trajectory Planning for Multi-UAV Assisted Mobile Edge Computing}},
year={2021},
volume={7},
number={1},
doi={10.1109/TCCN.2020.3027695}
}

@INPROCEEDINGS{LoSMap, 
author={J. {Chen} and D. {Gesbert}}, 
booktitle={{2017 IEEE International Conference on Communications (ICC)}}, 
title={{Optimal positioning of flying relays for wireless networks: A LOS map approach}}, 
year={2017}, 
volume={}, 
number={}, 
pages={1-6}, 
doi={10.1109/ICC.2017.7996921}, 
ISSN={1938-1883}, 
month={May}
}

@ARTICLE{GameTheory, 
author={A. E. A. A. {Abdulla} and Z. M. {Fadlullah} and H. {Nishiyama} and N. {Kato} and F. {Ono} and R. {Miura}}, 
journal={{IEEE Transactions on Wireless Communications}}, 
title={{Toward Fair Maximization of Energy Efficiency in Multiple UAS-Aided Networks: A Game-Theoretic Methodology}}, 
year={2015}, 
volume={14}, 
number={1},
keywords={adaptive modulation;energy conservation;game theory;radio networks;fair maximization;energy efficiency;multiple UAS-aided networks;game-theoretic methodology;unmanned aircraft system aided applications;adaptive modulation-capable ground nodes;data collection method;fairness constraint;price of anarchy;Games;Signal to noise ratio;Modulation;Data collection;Wireless communication;Game theory;Trajectory;Unmanned Aircraft System (UAS)-aided networks;energy efficiency;throughput per energy;fairness;adaptive modulation;game theory;wireless network optimization}, 
doi={10.1109/TWC.2014.2343219}, 
ISSN={1536-1276}, 
month={Jan}
}

@ARTICLE{UAVDynamicCoverage, 
author={Y. {Li} and L. {Cai}}, 
journal={{IEEE Network}}, 
title={{UAV-Assisted Dynamic Coverage in a Heterogeneous Cellular System}}, 
year={2017}, 
volume={31}, 
number={4}, 
pages={56-61}, 
keywords={autonomous aerial vehicles;cellular radio;Internet;telecommunication traffic;UAV-assisted dynamic coverage;heterogeneous cellular system;mobile Internet;cellular networks;MTC traffic;UAV-based floating relay;Macrocell networks;Interference;Uplink;Unmanned aerial vehicles;Radio spectrum management;Base stations;Resource management;Heterogeneous networks;Microcell networks;5G mobile communication}, 
doi={10.1109/MNET.2017.1600280}, 
ISSN={0890-8044}, 
month={July}
}

@ARTICLE{JointTrajectoryDesign,
issn={1536-1276},
journal={{IEEE Transactions on Wireless Communications}},
pages={2109--2121},
volume={17},
publisher={IEEE},
number={3},
year={2018},
title={{Joint Trajectory and Communication Design for Multi-UAV Enabled Wireless Networks}},
author={Qingqing Wu and Yong Zeng and Rui Zhang},
keywords={Trajectory ; Throughput ; Wireless Networks ; Unmanned Aerial Vehicles ; Optimization ; Delays ; Uav Communications ; Throughput Maximization ; Optimization ; Trajectory Design ; Mobility Control ; Engineering}
}

@ARTICLE{MultiDroneDeployment,
author={M. {Mozaffari} and W. {Saad} and M. {Bennis} and M. {Debbah}},
journal={{IEEE Communications Letters}}, 
title={{Efficient Deployment of Multiple Unmanned Aerial Vehicles for Optimal Wireless Coverage}},
year={2016},
volume={20},
number={8},
pages={1647-1650}
}

@ARTICLE{RLSenseSend,
author={J. {Hu} and H. {Zhang} and L. {Song}},
journal={{IEEE Internet of Things Journal}}, 
title={{Reinforcement Learning for Decentralized Trajectory Design in Cellular UAV Networks With Sense-and-Send Protocol}}, 
year={2019},
volume={6},
number={4},
pages={6177-6189}
}

@ARTICLE{DQNPositioning,
author={A. M. {Koushik} and F. {Hu} and S. {Kumar}},
journal={{IEEE Transactions on Cognitive Communications and Networking}}, 
title={{Deep Q-Learning-Based Node Positioning for Throughput-Optimal Communications in Dynamic UAV Swarm Network}}, 
year={2019},
volume={5},
number={3}
}

@INPROCEEDINGS{MLDeployment,
author={Q. {Zhang} and M. {Mozaffari} and W. {Saad} and M. {Bennis} and M. {Debbah}},
booktitle={{2018 IEEE Global Communications Conference (GLOBECOM)}}, 
title={{Machine Learning for Predictive On-Demand Deployment of UAVs for Wireless Communications}}, 
year={2018},
volume={},
number={},
pages={1-6}
}

@ARTICLE{Rician,
author={C. {You} and R. {Zhang}},
journal={{IEEE Transactions on Wireless Communications}}, 
title={{3D Trajectory Optimization in Rician Fading for UAV-Enabled Data Harvesting}}, 
year={2019},
volume={18},
number={6},
pages={3192-3207}
}

@ARTICLE{LAP,
issn={2162-2337},
journal={{IEEE Wireless Communications Letters}},
pages={569--572},
volume={3},
publisher={IEEE},
number={6},
year={2014},
title={{Optimal LAP Altitude for Maximum Coverage}},
language={eng},
address={USA},
author={Al-Hourani, Akram and Kandeepan, Sithamparanathan and Lardner, Simon},
keywords={Urban Areas ; Receivers ; Mathematical Model ; Probability ; Wireless Communication ; Atmospheric Modeling ; Low Altitude Platform ; Air-to-Ground Communication ; Radio Propagation ; Probability of Line of Sight ; Communication, Networking and Broadcast Technologies ; Computing and Processing}
}

@BOOK{WCBook,
publisher={{Cambridge University Press}},
booktitle={{Fundamentals of Wireless Communication}},
isbn={0521845270},
year={2005},
title={{Fundamentals of Wireless Communication}},
copyright={Cambridge University Press 2005},
language={eng},
address={Cambridge},
author={Tse, David and Viswanath, Pramod},
keywords={Wireless communication systems}
}

@INPROCEEDINGS{Doppler,
author={R. {Essaadali} and A. {Kouki}},
booktitle={{MILCOM 2016 - 2016 IEEE Military Communications Conference}}, 
title={{A new simple Unmanned Aerial Vehicle doppler effect RF reducing technique}}, 
year={2016},
volume={},
number={},
pages={1179-1183}
}

@ARTICLE{EnduranceEstimation,
issn={19961073},
journal={{Energies}},
volume={11},
publisher={MDPI AG},
number={9},
year={2018},
title={{Practical endurance estimation for minimizing energy consumption of multirotor unmanned aerial vehicles}},
copyright={Copyright 2018 Elsevier B.V., All rights reserved.},
author={Hwang, M.-H. and Cha, H.-R. and Jung, S.Y.},
keywords={Endurance ; Hovering ; Multirotor Uavs ; Steady-Level Flight}
}

@INCOLLECTION{LittlesLaw,
title={{Little's Law}},
author={Little, John DC and Graves, Stephen C},
booktitle={{Building Intuition}},
pages={81--100},
year={2008},
publisher={{Springer}}
}

@ARTICLE{SubgradientMethods,
title={{Subgradient methods}},
author={Boyd, Stephen and Xiao, Lin and Mutapcic, Almir},
journal={{Lecture notes, Stanford University, Autumn Quarter}},
pages={2004--2005},
year={2003}
}

@ARTICLE{EnergyEfficientUAVs, 
author={Y. {Zeng} and R. {Zhang}}, 
journal={{IEEE Transactions on Wireless Communications}}, 
title={{Energy-Efficient UAV Communication With Trajectory Optimization}}, 
year={2017}, 
volume={16}, 
number={6}, 
pages={3747-3760}, 
keywords={aircraft communication;autonomous aerial vehicles;energy conservation;power consumption;energy-efficient UAV communication;trajectory optimization;unmanned aerial vehicles;fixed altitude;ground terminal;communication throughput;UAV energy consumption;propulsion energy consumption;fixed-wing UAV;UAV flying speed;UAV direction;UAV acceleration;signal processing energy consumption;total information bits;finite time horizon;unconstrained trajectory optimization;rate-maximization;energy-minimization design;circular UAV trajectory;UAV flight radius;Energy consumption;Wireless communication;Unmanned aerial vehicles;Propulsion;Trajectory optimization;Acceleration;UAV communication;energy efficiency;trajectory optimization;sequential convex optimization}, 
doi={10.1109/TWC.2017.2688328}, 
ISSN={1536-1276}, 
month={June}
}

@ARTICLE{CSO,
author={R. {Cheng} and Y. {Jin}},
journal={{IEEE Transactions on Cybernetics}}, 
title={{A Competitive Swarm Optimizer for Large Scale Optimization}}, 
year={2015},
volume={45},
number={2},
pages={191-204}
}

@ARTICLE{HighDimensionality,
author={P. {Yang} and K. {Tang} and X. {Yao}},
journal={{IEEE Transactions on Evolutionary Computation}}, 
title={{Turning High-Dimensional Optimization Into Computationally Expensive Optimization}}, 
year={2018},
volume={22},
number={1},
pages={143-156}
}

@ARTICLE{OptimalAltitude,
issn={2162-2337},
journal={{IEEE Wireless Communications Letters}},
pages={569--572},
volume={3},
publisher={IEEE},
number={6},
year={2014},
title={{Optimal LAP Altitude for Maximum Coverage}},
language={eng},
address={USA},
author={Al-Hourani, Akram and Kandeepan, Sithamparanathan and Lardner, Simon},
keywords={Urban Areas ; Receivers ; Mathematical Model ; Probability ; Wireless Communication ; Atmospheric Modeling ; Low Altitude Platform ; Air-to-Ground Communication ; Radio Propagation ; Probability of Line of Sight ; Communication, Networking and Broadcast Technologies ; Computing and Processing}
}

@ARTICLE{MarcumConcavity,
author={Y. {Sun} and A. {Baricz} and S. {Zhou}},
journal={{IEEE Transactions on Information Theory}},
title={{On the Monotonicity, Log-Concavity, and Tight Bounds of the Generalized Marcum and Nuttall Q-Functions}},
year={2010},
volume={56},
number={3},
pages={1166-1186}
}

@BOOK{PSO,
series={ISTE},
publisher={ISTE},
isbn={1-905209-04-5},
year={2006},
title={{Particle Swarm Optimization}},
language={eng},
address={London ; Newport Beach},
author={Clerc, Maurice},
keywords={Mathematical optimization; Particles (Nuclear physics); Swarm intelligence; Electronic books}
}

@INPROCEEDINGS{3DDeploymentPSO,
author={Z. {Yuheng} and Z. {Liyan} and L. {Chunpeng}},
booktitle={{2019 IEEE 19th International Conference on Communication Technology (ICCT)}},
title={{3-D Deployment Optimization of UAVs Based on Particle Swarm Algorithm}},
year={2019},
volume={},
number={},
pages={954-957}
}

@INPROCEEDINGS{Efficient3DPlacementPSO,
author={H. {Shakhatreh} and A. {Khreishah} and A. {Alsarhan} and I. {Khalil} and A. {Sawalmeh} and N. S. {Othman}},
booktitle={{2017 8th International Conference on Information and Communication Systems (ICICS)}},
title={{Efficient 3D placement of a UAV using particle swarm optimization}},
year={2017},
volume={},
number={},
pages={258-263}
}

@INPROCEEDINGS{PSOPathStructure,
author={R. K. {Patra} and P. {Muthuchidambaranathan}},
booktitle={{3rd Int. Conference for Convergence in Technology (I2CT)}},
title={{Optimisation of Spectrum and Energy Efficiency in UAV-Enabled Mobile Relaying Using Bisection and PSO Method}},
year={2018},
volume={},
number={},
pages={1-7}
}

@ARTICLE{AERPAW,
author={Marojevic, Vuk and Guvenc, Ismail and Dutta, Rudra and Sichitiu, Mihail L. and Floyd, Brian A.},
journal={{IEEE Vehicular Technology Magazine}}, 
title={{Advanced Wireless for Unmanned Aerial Systems: 5G Standardization, Research Challenges, and AERPAW Architecture}}, 
year={2020},
volume={15},
number={2},
pages={22-30},
doi={10.1109/MVT.2020.2979494}
}

@ARTICLE{FixedWingUAVs,  
author={Visintini, Alessandro and Perera, Tharindu D. Ponnimbaduge and Jayakody, Dushantha Nalin K.},  journal={{IEEE Access}},
title={{3-D Trajectory Optimization for Fixed-Wing UAV-Enabled Wireless Network}},
year={2021},
volume={9},
number={},
pages={35045-35056},
doi={10.1109/ACCESS.2021.3061163}
}

@INPROCEEDINGS{AmplifyForward,  
author={Hanna, Samer and Krijestorac, Enes and Yan, Han and Cabric, Danijela},
booktitle={{2019 IEEE 20th International Workshop on Signal Processing Advances in Wireless Communications (SPAWC)}},
title={{UAV Swarms as Amplify-and-Forward MIMO Relays}},
year={2019},
volume={},
number={},
pages={1-5},
doi={10.1109/SPAWC.2019.8815538}
}

@BOOK{CVXBoyd,
title={{Convex Optimization}},
author={Boyd, Stephen and Boyd, Stephen P and Vandenberghe, Lieven},
year={2004},
publisher={{Cambridge University Press}}
}

@ARTICLE{MarcumLog,
title={{On Log-concavity of the Generalized Marcum Q Function}},
author={Yu, Yaming},
journal={arXiv preprint arXiv:1105.5762},
year={2011}
}

@INPROCEEDINGS{MarcumTB,
author={Sun, Yin and Zhou, Shidong},
booktitle={IEEE GLOBECOM 2008 - 2008 IEEE Global Telecommunications Conference}, 
title={Tight Bounds of the Generalized Marcum Q-Function Based on Log-Concavity}, 
year={2008},
volume={},
number={},
pages={1-5},
doi={10.1109/GLOCOM.2008.ECP.226}
}
  
@ARTICLE{UAVBeamFormingSurvey,
author={Xiao, Zhenyu and Zhu, Lipeng and Liu, Yanming and Yi, Pengfei and Zhang, Rui and Xia, Xiang-Gen and Schober, Robert},
journal={{IEEE Communications Surveys {\&} Tutorials}}, 
title={{A Survey on Millimeter-Wave Beamforming Enabled UAV Communications and Networking}}, 
year={2022},
volume={24},
number={1},
pages={557-610},
doi={10.1109/COMST.2021.3124512}
}
  
@INPROCEEDINGS{UAV-DRL,
author={Zhou, Conghao and He, Hongli and Yang, Peng and Lyu, Feng and Wu, Wen and Cheng, Nan and Shen, Xuemin},
booktitle={{2019 11th International Conference on Wireless Communications and Signal Processing (WCSP)}}, 
title={{Deep RL-based Trajectory Planning for AoI Minimization in UAV-assisted IoT}}, 
year={2019},
volume={},
number={},
pages={1-6},
doi={10.1109/WCSP.2019.8928091}
}

@ARTICLE{PSOConvergence,
author={Clerc, M. and Kennedy, J.},
journal={IEEE Transactions on Evolutionary Computation}, 
title={{The particle swarm - explosion, stability, and convergence in a multidimensional complex space}}, 
year={2002},
volume={6},
number={1},
pages={58-73},
doi={10.1109/4235.985692}
}

@SOFTWARE{LESSA_Source_Code,
author={Keshavamurthy, Bharath},
doi={10.5281/zenodo.6450437},
month={April},
title={{Minerva: Learning-based Spectrum Sensing and Access in Cognitive Radio Networks via Approximate POMDPs}},
url={https://github.com/bharathkeshavamurthy/Minerva.git},
version={v1.0},
year={2022}
}

@SOFTWARE{BAM_Wireless_Source_Code,
author={Ogbe, Dennis and Arakawa, Tomohiro and Larew, Stephen and Keshavamurthy, Bharath},
month={February},
title={{DARPA SC2 Team BAM! Wireless: Adaptive Wireless Networks for Spectrally Efficient Communication}},
url={https://github.com/bharathkeshavamurthy/bam-radio.git},
version={v1.0},
year={2021}
}

@INPROCEEDINGS{QuantitativeAnalysis, 
author={R. I. C. {Chiang} and G. B. {Rowe} and K. W. {Sowerby}}, 
booktitle={IEEE 65th Vehicular Technology Conference - VTC2007-Spring}, 
title={{A Quantitative Analysis of Spectral Occupancy Measurements for Cognitive Radio}}, 
year={2007}, 
volume={}, 
number={}, 
pages={3016-3020}, 
keywords={cognitive radio;mobile radio;noise;radio links;signal detection;statistical analysis;statistical distributions;wireless channels;spectral occupancy measurements;cognitive radio;radio spectrum congestion;Auckland;New Zealand;statistical analysis;noise distributions;signal amplitude probability distributions;point-to-point links;mobile uplink channels;wireless channel effects;806 to 2750 MHz;Spectral analysis;Cognitive radio;Chromium;Noise measurement;Time measurement;Frequency measurement;Statistical analysis;Noise level;Signal processing;Probability distribution}, 
doi={10.1109/VETECS.2007.618}, 
ISSN={}, 
month={April}
}

@INPROCEEDINGS{SpectrumOccupancyMeasurementsChicago,
author={McHenry, Mark A. and Tenhula, Peter A. and McCloskey, Dan and Roberson, Dennis A. and Hood, Cynthia S.},
title={{Chicago Spectrum Occupancy Measurements \& Analysis and a Long-term Studies Proposal}},
booktitle={Proceedings of the First International Workshop on Technology and Policy for Accessing Spectrum},
series={TAPAS '06},
year={2006},
isbn={1-59593-510-X},
location={Boston, Massachusetts, USA},
articleno={1},
doi={10.1145/1234388.1234389},
acmid={1234389},
publisher={ACM},
address={New York, NY, USA}
}

@INPROCEEDINGS{LESSA_ICC,
author={Keshavamurthy, Bharath and Michelusi, Nicolò},
booktitle={ICC 2021 - IEEE International Conference on Communications}, 
title={{Learning-based Cognitive Radio Access via Randomized Point-Based Approximate POMDPs}}, 
year={2021},
volume={},
number={},
pages={1-6},
doi={10.1109/ICC42927.2021.9500752}
}

@INPROCEEDINGS{WCL:7,
author={M. {Gao} and X. {Yan} and Y. {Zhang} and C. {Liu} and Y. {Zhang} and Z. {Feng}}, 
booktitle={IEEE Military Communications Conference}, 
title={{Fast Spectrum Sensing: A Combination of Channel Correlation and Markov Model}}, 
year={2014}, 
volume={}, 
number={}, 
pages={405-410}, 
keywords={energy consumption;entropy;greedy algorithms;Markov processes;radio spectrum management;signal detection;telecommunication channels;fast spectrum sensing;channel correlation;Markov model;valuable spectrum resources;cognitive radio;wide-band spectrum sensing;greedy clustering algorithm;minimum entropy increment clustering algorithm;channel states;Markov process;estimated channels;detected channel;maximum a posteriori principle;entropy principle;uncertainty based update algorithm;Correlation;Channel estimation;Entropy;Clustering algorithms;Sensors;Markov processes;Estimation;Cognitive Radio;Spectrum Sensing;Real-world Measurement;Channel State Prediction;Channel Classification}, 
doi={10.1109/MILCOM.2014.73}, 
ISSN={}, 
month={Oct}
}

@INPROCEEDINGS{WCL:4, 
author={K. {Cohen} and Q. {Zhao} and A. {Scaglione}},
booktitle={48th Asilomar Conference on Signals, Systems and Computers}, 
title={{Restless Multi-Armed Bandits under time-varying activation constraints for dynamic spectrum access}}, 
year={2014}, 
volume={}, 
number={}, 
pages={1575-1578}, 
keywords={cognitive radio;Markov processes;radio access networks;radio spectrum management;signal detection;time-varying channels;restless multi-armed bandit problem;RMAB problem;dynamic spectrum access problem;cognitive user;time-varying activation constraints;channel occupancy dynamics;myopic policy optimality;Sensors;Dynamic spectrum access;Indexes;Cascading style sheets;Conferences;Compressed sensing;Frequency selective surfaces}, 
doi={10.1109/ACSSC.2014.7094730}, 
ISSN={}, 
month={Nov}
}

@ARTICLE{WCL:10,
author={N. {Michelusi} and M. {Nokleby} and U. {Mitra} and R. {Calderbank}},
journal={IEEE Transactions on Communications},
title={{Multi-Scale Spectrum Sensing in Dense Multi-Cell Cognitive Networks}},
year={2019},
volume={67},
number={4},
pages={2673-2688},
doi={10.1109/TCOMM.2018.2886020},
ISSN={},
month={April}
}

@ARTICLE{WCL:9,
author={N. {Michelusi} and U. {Mitra}},
journal={IEEE Transactions on Cognitive Communications and Networking},
title={{Cross-Layer Estimation and Control for Cognitive Radio: Exploiting Sparse Network Dynamics}},
year={2015},
volume={1},
number={1},
pages={128-145},
doi={10.1109/TCCN.2015.2503287},
ISSN={},
month={March}
}

@INPROCEEDINGS{WCL:6, 
author={C. {Park} and S. {Kim} and S. {Lim} and M. {Song}}, 
booktitle={Asia-Pacific Microwave Conference}, 
title={{HMM Based Channel Status Predictor for Cognitive Radio}},
year={2007}, 
volume={}, 
number={}, 
pages={1-4}, 
keywords={cognitive radio;hidden Markov models;software radio;HMM based channel status predictor;cognitive radio;software defined radio;channel management function;Hidden Markov models;Cognitive radio;Chromium;Predictive models;Engines;Testing;Physical layer;Environmental management;Radio spectrum management;Research and development management;Hidden Markov Model;Channel Predictor;Cognitive Radio;Cognitive Engine}, 
doi={10.1109/APMC.2007.4554696}, 
ISSN={}, 
month={Dec}
}

@ARTICLE{WCL:12, 
author={S. {Yin} and D. {Chen} and Q. {Zhang} and M. {Liu} and S. {Li}}, 
journal={IEEE Transactions on Mobile Computing}, 
title={{Mining Spectrum Usage Data: A Large-Scale Spectrum Measurement Study}},
year={2012}, 
volume={11}, 
number={6}, 
pages={1033-1046}, 
keywords={spectral analysis;wireless channels;spectrum usage data mining;large-scale spectrum measurement;dynamic spectrum access;Guangdong province;China;channel vacancy statistics;channel utilization;wireless service;exponential-like distribution;spectral correlations;spatial correlations;2D frequent pattern mining algorithm;frequency 20 MHz to 3 GHz;Correlation;Energy states;Time measurement;Wireless communication;Availability;Data mining;Thyristors;Spectrum measurement;channel vacancy duration;service congestion rate;spectrum usage prediction;frequent pattern mining;FPM-2D;spectral correlation;spatial correlation.}, 
doi={10.1109/TMC.2011.128}, 
ISSN={}, 
month={June}
}

@ARTICLE{WCL:8, 
author={L. {Ferrari} and Q. {Zhao} and A. {Scaglione}}, 
journal={IEEE Transactions on Signal Processing}, 
title={{Utility Maximizing Sequential Sensing Over a Finite Horizon}}, 
year={2017}, 
volume={65}, 
number={13}, 
pages={3430-3445}, 
keywords={cognitive radio;Markov processes;sequential strategy;partially observable Markov decision process;low-complexity policy;sequential resource allocation problems;opportunistic spectrum access;marketing strategies;expected utility;cognitive radio;Sensors;Cognitive radio;Testing;Measurement;Indexes;Switches;Markov processes;Optimum sequential testing;opportunistic spectrum access;multi-channel sensing;cognitive radio}, 
doi={10.1109/TSP.2017.2692725}, 
ISSN={}, 
month={July}
}

@ARTICLE{WCL:13,
author={Matthijs T. J. Spaan and Nikos A. Vlassis},
title={{Perseus: Randomized Point-based Value Iteration for POMDPs}},
journal={CoRR},
volume={abs/1109.2145},
year={2011},
url={http://arxiv.org/abs/1109.2145},
archivePrefix={arXiv},
eprint={1109.2145},
timestamp={Mon, 13 Aug 2018 16:46:32 +0200},
biburl={https://dblp.org/rec/bib/journals/corr/abs-1109-2145},
bibsource={dblp computer science bibliography, https://dblp.org}
}

@ARTICLE{WCL:5, 
author={J. {Lund\'{e}n} and S. R. {Kulkarni} and V. {Koivunen} and H. V. {Poor}}, 
journal={IEEE Journal of Selected Topics in Signal Processing}, 
title={{Multiagent Reinforcement Learning Based Spectrum Sensing Policies for Cognitive Radio Networks}}, 
year={2013}, 
volume={7}, 
number={5}, 
pages={858-868}, 
keywords={cognitive radio;learning (artificial intelligence);multi-agent systems;radio spectrum management;signal detection;stochastic games;telecommunication computing;telecommunication network reliability;multi-agent reinforcement learning;distributed multi-user multi-band spectrum sensing policies;cognitive radio networks;partially observable stochastic game;secondary users;sensing reliability;network nodes;SU collaboration;local interactions;frequency bands;spectrum occupancy;local neighborhood;missed detection probability;local test statistics;Sensors;Cognitive radio;Learning (artificial intelligence);Games;Collaboration;Time-frequency analysis;Ad hoc networks;Cognitive radio networks;collaborative spectrum sensing;multi-agent reinforcement learning;multi-user multi-band spectrum sensing policy;partially observable stochastic game}, 
doi={10.1109/JSTSP.2013.2259797}, 
ISSN={}, 
month={Oct}
}

@INPROCEEDINGS{WCL:3, 
author={S. {Maleki} and S. P. {Chepuri} and G. {Leus}}, 
booktitle={IEEE 12th International Workshop on Signal Processing Advances in Wireless Communications}, 
title={{Energy and throughput efficient strategies for cooperative spectrum sensing in cognitive radios}}, 
year={2011}, 
volume={}, 
number={}, 
pages={71-75}, 
keywords={cognitive radio;cooperative communication;demodulation;energy conservation;optimisation;probability;radio networks;throughput efficient strategy;energy efficient strategy;efficient cooperative spectrum sensing;cognitive radio network;detection performance;efficient throughput optimization setup;fusion rule;detection probability;false alarm;throughput maximization;optimal reporting time;sensing time frame;line search problem;AND rule;OR rule;Cognitive radio;Throughput;Sensors;Optimization;Energy consumption;Search problems;Interference;Cognitive radios;Cooperative spectrum sensing;Energy efficiency;Hard decision fusion;Scheduling}, 
doi={10.1109/SPAWC.2011.5990482}, 
ISSN={}, 
month={June}
}

@INPROCEEDINGS{WCL:2, 
author={F. {Xu} and L. {Zhang} and Z. {Zhou} and Y. {Ye}}, 
booktitle={2008 3rd International Conference on Cognitive Radio Oriented Wireless Networks and Communications (CrownCom 2008)}, 
title={{Architecture for Next-Generation Re-configurable Wireless Networks using Cognitive Radio}}, 
year={2008}, 
volume={}, 
number={}, 
pages={1-5}, 
keywords={cognitive radio;IP networks;mobile radio;multimedia communication;radio access networks;telecommunication security;WiMax;next-generation re-configurable wireless networks;cognitive radio;mobile communications;wireless communications;wireless access networks;IP multimedia subsystem;3GPP system;Wimax system;resource management;security;Next generation networking;Wireless networks;Cognitive radio;Chromium;Intelligent networks;Mobile communication;Wireless communication;Communications technology;Frequency;Inter-networking;Cognitive Radio;Re-configurability;IMS;3GPP;Wimax}, 
doi={10.1109/CROWNCOM.2008.4562537}, 
ISSN={}, 
month={May}
}

@INPROCEEDINGS{WCL:1, 
author={C. {Pradhan} and K. {Sankhe} and S. {Kumar} and G. R. {Murthy}}, 
booktitle={2015 12th Annual IEEE Consumer Communications and Networking Conference (CCNC)}, 
title={{Revamp of eNodeB for 5G networks: Detracting spectrum scarcity}}, 
year={2015}, 
volume={}, 
number={}, 
pages={862-868}, 
keywords={5G mobile communication;beam steering;cellular radio;co-channel interference;MIMO communication;mobility management (mobile radio);quality of service;radio spectrum management;space division multiple access;spectrum scarcity detraction;eNodeB Revamp;eNB Revamp;5G cellular communication network;priority driven resource block handoff algorithm;full-duplex multi-user MIMO communication;in-band uplink operation;in-band downlink operation;space division multiple access technique;SDMA technique;beam steering;co-channel interference;CCI;RB handoff mechanism;multiple mobile UE;QoS;Antenna arrays;Silicon carbide;Downlink;Mobile communication;Uplink;Noise;5G;Full-Duplex;MU-MIMO;Resource Block handoff;SDMA;CCI}, 
doi={10.1109/CCNC.2015.7158089}, 
ISSN={}, 
month={Jan}
}

@INPROCEEDINGS{WCL:14, 
author={W. {Turin}}, 
booktitle={1999 IEEE 49th Vehicular Technology Conference (Cat. No.99CH36363)}, 
title={{MAP decoding using the EM algorithm}}, 
year={1999}, 
volume={3}, 
number={}, 
pages={1866-1870 vol.3}, 
keywords={maximum likelihood decoding;Viterbi decoding;sequential estimation;optimisation;hidden Markov models;fading channels;noise;block codes;convolutional codes;trellis coded modulation;MAP decoding;EM algorithm;expectation-maximization algorithm;parameter estimation;statistical models;maximum a posteriori sequence decoding;hidden Markov models;HMM;communication channels;wireless fading channels;noise;a posteriori probability;iterative MAP sequence estimation;Viterbi algorithm;convolutional codes;TCM system;block codes;Hidden Markov models;Fading;Communication channels;Iterative algorithms;Iterative decoding;Viterbi algorithm;Laboratories;Parameter estimation;Digital communication;Wireless communication}, 
doi={10.1109/VETEC.1999.778361}, 
ISSN={}, 
month={May}
}

@INPROCEEDINGS{WCL:11, 
author={S. {Mosleh} and A. A. {Tadaion} and M. {Derakhtian}}, 
booktitle={IEEE EUROCON}, 
title={{Performance analysis of the Neyman-Pearson fusion center for spectrum sensing in a Cognitive Radio network}}, 
year={2009}, 
volume={}, 
number={}, 
pages={1420-1425}, 
keywords={cognitive radio;distributed sensors;probability;sensor fusion;signal detection;spectral analysis;wireless channels;Neyman-Pearson fusion center;cooperative spectrum sensing;cognitive radio network;performance analysis;fading channel;distributed detection system;N-P signal detection;sensor fusion;probability;Performance analysis;Cognitive radio;Chromium;Frequency;Sensor fusion;Detectors;Sensor systems;Fading;Intelligent networks;Shadow mapping;Cognitive Radio;Spectrum Sensing;Neyman-Pearson criterion;Distributed Detection;Decision fusion rule;Data Fusion}, 
doi={10.1109/EURCON.2009.5167826}, 
ISSN={null}, 
month={May}
}

@ARTICLE{WSJ:CBRS,
author={FitzGerald, Drew},
date={2019-12-28},
title={{Wireless Companies Share the Airwaves}},
journal={The Wall Street Journal},
url={https://www.wsj.com/articles/wireless-companies-share-the-airwaves-11577538001},
urldate={2019-12-28},
year={2019}
}

@ARTICLE{WSJ:5Gdominance,
author={Goldin, Daniel},
date={2020-01-29},
title={{Keep 5G Safe From Chinese Domination}},
journal={The Wall Street Journal},
url={https://www.wsj.com/articles/keep-5g-safe-from-chinese-domination-11580342112},
urldate={2020-01-29},
year={2020}
}

@ARTICLE{WSJ:HolmanJenkinsJr.,
author={Jenkins Jr., Holman W.},
date={2019-06-14},
title={{How Government Can Get Brave About Spectrum}},
journal={The Wall Street Journal},
url={https://www.wsj.com/articles/how-government-can-get-brave-about-spectrum-11560552078},
urldate={2019-06-14},
year={2019}
}

@ARTICLE{Ericsson:5Gusecases,
author={Ericsson},
date={2019},
title={{5G use cases--Explore how 5G will revolutionize 5 key industries including: TV and media; manufacturing; healthcare; telecommunications; and transportation and infrastructure.}},
journal={Ericsson},
url={https://www.ericsson.com/en/5g/use-cases},
urldate={2019},
year={2019}
}

@ARTICLE{DARPA:SC2,
author={Rosker, Mark},
title={{Spectrum Collaboration Challenge (SC2)}},
journal={DARPA Spectrum Collaboration Challenge (SC2)},
year={2018}
}

@ARTICLE{DARPA:SC2scenarios,
author={DARPA-SC2-Freshdesk},
title={{Scenarios Summary List}},
journal={DARPA Spectrum Collaboration Challenge (SC2)},
url={https://sc2colosseum.freshdesk.com/support/solutions/articles/22000236679--scenarios-summary-list-phase-3-},
year={2019}
}

@ARTICLE{DARPA:SC2collaboration,
author={DARPA},
title={{The Collaboration Network}},
journal={DARPA Spectrum Collaboration Challenge (SC2)},
url={https://sc2colosseum.freshdesk.com/support/solutions/articles/22000220450-collaboration-network},
year={2018}
}

@ARTICLE{GCTronic:epuck2,
author={{GCTronic}},
title={{Epuck2 Specifications and General Wiki}},
journal={{GCTronic} e-puck2 online wiki},
url={https://www.gctronic.com/doc/index.php/e-puck2},
year={2020}
}

@ARTICLE{Espressif:ESP32,
author={{Espressif Systems (Shanghai) Co. Ltd.}},
title={{Espressif ESP32: A Different IoT Power and Performance}},
journal={Espressif},
url={https://www.espressif.com/en/products/hardware/esp32/overview},
year={2019}
}

@ARTICLE{DARPA:SC2pi,
author={{DARPA}},
title={{Passive Incumbent}},
journal={DARPA Spectrum Collaboration Challenge (SC2)},
url={https://sc2colosseum.freshdesk.com/support/solutions/articles/22000223822-incumbent-passive},
year={2018}
}

@ARTICLE{BAM,
author={{DARPA}},
title={{Purdue University BAM! Wireless Radio}},
journal={DARPA Spectrum Collaboration Challenge (SC2)},
url={https://archive.darpa.mil/sc2/news/spectrum-collaboration-challenge-awards-four-teams-with-half-prizes},
year={2019}
}

@ARTICLE{DARPA:SC2c2api,
author={DARPA},
title={{Radio Command and Control API}},
journal={DARPA Spectrum Collaboration Challenge (SC2)},
url={https://sc2colosseum.freshdesk.com/support/solutions/articles/22000220460-radio-command-and-control-c2-api},
year={2018}
}

@INPROCEEDINGS{DARPASC2:end1,
author={F. A. P. d. {Figueiredo} and D. {Stojadinovic} and P. {Maddala} and R. {Mennes} and I. {Jabandžić} and X. {Jiao} and I. {Moerman}},
booktitle={IEEE International Symposium on Dynamic Spectrum Access Networks (DySPAN)},
title={{SCATTER PHY: A Physical Layer for the DARPA Spectrum Collaboration Challenge}},
year={2019},
volume={},
number={},
pages={1-6}
}

@INPROCEEDINGS{DARPASC2:end2,
author={R. J. {Baxley} and R. S. {Thompson}},
booktitle={IEEE International Symposium on Dynamic Spectrum Access Networks (DySPAN)},
title={{Team Zylinium DARPA Spectrum Collaboration Challenge Radio Design and Implementation}},
year={2019},
volume={},
number={},
pages={1-6}
}

@ARTICLE{DARPA:SC2collaborationprotocol,
author={{DARPA}},
title={{Collaboration Network Protocol Specifications}},
journal={DARPA Spectrum Collaboration Challenge (SC2)},
url={https://sc2colosseum.freshdesk.com/support/solutions/articles/22000220468-collaboration-protocol-specification},
year={2018}
}

@ARTICLE{DARPA:ActiveIncumbent,
author={DARPA-SC2-Freshdesk},
title={{Active Incumbent Scenario Specifications}},
journal={DARPA Spectrum Collaboration Challenge (SC2)},
url={https://sc2colosseum.freshdesk.com/support/solutions/articles/22000239489-active-incumbent-},
year={2019}
}

@ARTICLE{DARPA:Alleys,
author={DARPA-SC2-Freshdesk-CE},
title={{Alleys of Austin with Points - 5 Teams}},
journal={DARPA Spectrum Collaboration Challenge (SC2)},
url={https://sc2colosseum.freshdesk.com/support/solutions/articles/22000237879-pe2-alleys-of-austin-w-points-5-team-7013-},
year={2019}
}

@ARTICLE{DARPA:Payline,
author={DARPA-SC2-Freshdesk-PE2},
title={{Payline (2 Stage)}},
journal={DARPA Spectrum Collaboration Challenge (SC2)},
url={https://sc2colosseum.freshdesk.com/support/solutions/articles/22000234543-payline-2-stage-7065-},
year={2019}
}

@ARTICLE{DARPA:CIL,
author={{DARPA SC2 GitLab CIL Schematics}},
title={{CIL Specifications}},
journal={DARPA Spectrum Collaboration Challenge (SC2)},
url={https://gitlab.com/darpa-sc2-phase3/CIL},
year={2019}
}

@INPROCEEDINGS{DARPASC2:end3,
author={D. {Stojadinovic} and F. A. P. {de Figueiredo} and P. {Maddala} and I. {Seskar} and W. {Trappe}},
booktitle={IEEE International Symposium on Dynamic Spectrum Access Networks (DySPAN)},
title={{SC2 CIL: Evaluating the Spectrum Voxel Announcement Benefits}},
year={2019},
volume={},
number={},
pages={1-6}
}

@ARTICLE{PUOccupancy:18,
author={Kaelbling, Leslie Pack and Littman, Michael L. and Cassandra, Anthony R.},
title={{Planning and Acting in Partially Observable Stochastic Domains}},
year={1998},
issue_date={May 1998},
publisher={Elsevier Science Publishers Ltd.},
address={GBR},
volume={101},
number={1–2},
issn={0004-3702},
journal={Artif. Intell.},
month=may,
pages={99–134},
numpages={36},
keywords={Partially observable Markov decision processes, Planning, Uncertainty}
}

@INPROCEEDINGS{PUOccupancy:17,
author={Pineau, Joelle and Gordon, Geoff and Thrun, Sebastian},
title={{Point-Based Value Iteration: An Anytime Algorithm for POMDPs}},
year={2003},
publisher={Morgan Kaufmann Publishers Inc.},
address={San Francisco, CA, USA},
booktitle={Proceedings of the 18th International Joint Conference on Artificial Intelligence},
pages={1025–1030},
numpages={6},
location={Acapulco, Mexico},
series={IJCAI’03}
}

@INPROCEEDINGS{WCL:MIT,
author={Anandkumar, Animashree and Michael, Nithin and Tang, Ao},
title={{Opportunistic Spectrum Access with Multiple Users: Learning under Competition}},
year={2010},
isbn={9781424458363},
publisher={IEEE Press},
booktitle={Proceedings of the 29th Conference on Information Communications},
pages={803–811},
numpages={9},
keywords={multi-armed bandits, logarithmic regret, cognitive medium access, distributed algorithms, learning},
location={San Diego, California, USA},
series={INFOCOM'10}
}

@ARTICLE{WCL:DQN,
author={S. {Wang} and H. {Liu} and P. H. {Gomes} and B. {Krishnamachari}},
journal={IEEE Transactions on Cognitive Communications and Networking},
title={{Deep Reinforcement Learning for Dynamic Multichannel Access in Wireless Networks}},
year={2018},
volume={4},
number={2},
pages={257-265}
}

@INPROCEEDINGS{8935774,
author={S. {Giannoulis} and others},
booktitle={IEEE International Symposium on Dynamic Spectrum Access Networks (DySPAN)}, 
title={{Dynamic and Collaborative Spectrum Sharing: The SCATTER Approach}}, 
year={2019},
volume={},
number={},
pages={1-6},
doi={10.1109/DySPAN.2019.8935774}
}

@INPROCEEDINGS{8935729,
author={R. J. {Baxley} and R. S. {Thompson}},
booktitle={IEEE International Symposium on Dynamic Spectrum Access Networks (DySPAN)}, 
title={{Team Zylinium DARPA Spectrum Collaboration Challenge Radio Design and Implementation}}, 
year={2019},
volume={},
number={},
pages={1-6},
doi={10.1109/DySPAN.2019.8935729}
}
  
@ARTICLE{Zhang_2001,
title={{Speeding Up the Convergence of Value Iteration in Partially Observable Markov Decision Processes}},
volume={14},
ISSN={1076-9757},
url={http://dx.doi.org/10.1613/jair.761},
DOI={10.1613/jair.761},
journal={Journal of Artificial Intelligence Research},
publisher={AI Access Foundation},
author={Zhang, N. L. and Zhang, W.},
year={2001},
month={Feb},
pages={29–51}
}

@ARTICLE{Rabiner_1989,
title={{A Tutorial on Hidden Markov Models and Selected Applications in Speech Recognition}},
author={Lawrence R. Rabiner},
journal={Proceedings of the IEEE 77, no. 2},
pages={257-286},
year={1989},
month={Feb}
}

@ARTICLE{Baum_1966,
author={Baum, Leonard E. and Petrie, Ted},
doi={10.1214/aoms/1177699147},
fjournal={Annals of Mathematical Statistics},
journal={Ann. Math. Statist.},
month={12},
number={6},
pages={1554-1563},
publisher={The Institute of Mathematical Statistics},
title={{Statistical Inference for Probabilistic Functions of Finite State Markov Chains}},
volume={37},
year={1966}
}

@ARTICLE{reversibility,
author={Brill, P.H. and Cheung, Chi and Hlynka, Myron and Jiang, Q.},
year={2018},
month={10},
pages={129-135},
title={{Reversibility Checking for Markov Chains}},
volume={12},
journal={Communications on Stochastic Analysis},
doi={10.31390/cosa.12.2.02}
}

@INPROCEEDINGS{CloudLab,
title={{The Design and Operation of CloudLab}},
author={Dmitry Duplyakin and others},
booktitle={Proceedings of the {USENIX} Annual Technical Conference (ATC)},
pages={1-14},
year={2019},
month={jul}
}

@BOOK{Tse,
author={Tse, David and Viswanath, Pramod},
title={{Fundamentals of Wireless Communication}},
year={2005},
isbn={0521845270},
publisher={Cambridge University Press},
address={USA}
}

@BOOK{Boyd,
author={Boyd, Stephen and Vandenberghe, Lieven},
title={{Convex Optimization}},
year={2004},
isbn={0521833787},
publisher={Cambridge University Press},
address={USA}
}

@ARTICLE{Convex,
author={Sun, Yin and Baricz, Arpad and Zhou, Shidong},
journal={IEEE Transactions on Information Theory}, 
title={{On the Monotonicity, Log-Concavity, and Tight Bounds of the Generalized Marcum and Nuttall $Q$-Functions}}, 
year={2010},
volume={56},
number={3},
pages={1166-1186},
doi={10.1109/TIT.2009.2039048}
}
  
@ARTICLE{CNN,
author={Pati, Bipun Man and Kaneko, Megumi and Taparugssanagorn, Attaphongse},
journal={IEEE Access},
title={{A Deep Convolutional Neural Network Based Transfer Learning Method for Non-Cooperative Spectrum Sensing}},
year={2020},
volume={8},
number={},
pages={164529-164545},
doi={10.1109/ACCESS.2020.3022513}
}

@INPROCEEDINGS{LSTM,
author={Yu, Lixing and Wang, Qianlong and Guo, Yifan and Li, Pan},
booktitle={Cognitive Communications for Aerospace Applications Workshop (CCAA)},
title={{Spectrum availability prediction in cognitive aerospace communications: A deep learning perspective}},
year={2017},
volume={},
number={},
pages={1-4},
doi={10.1109/CCAAW.2017.8001877}
}

@ARTICLE{BIC,
ISSN={00905364},
author={Dominique M. A. Haughton},
journal={The Annals of Statistics},
number={1},
pages={342--355},
publisher={Institute of Mathematical Statistics},
title={{On the Choice of a Model to Fit Data from an Exponential Family}},
volume={16},
year={1988}
}

@ARTICLE{HDND,
title={{Directional neighbor discovery in mmWave wireless networks}},
journal={Digital Communications and Networks},
volume={7},
number={1},
pages={1-15},
year={2021},
issn={2352-8648},
doi={https://doi.org/10.1016/j.dcan.2020.09.005},
url={https://www.sciencedirect.com/science/article/pii/S2352864820302662},
author={Yu Wang and Ticao Zhang and Shiwen Mao and Theodore (Ted) S. Rappaport},
keywords={Fifth generation (5G) wireless, Beamforming, Spatial filtering, Directional antenna, Directional neighbor discovery, Initial access, Millimeter wave (mmWave) networks, Spatial rendezvous}
}

@ARTICLE{MDND,
author={Park, Hyunhee and Kim, Yongsun and Song, Taewon and Pack, Sangheon},
journal={IEEE Transactions on Vehicular Technology}, 
title={{Multiband Directional Neighbor Discovery in Self-Organized mmWave Ad Hoc Networks}}, 
year={2015},
volume={64},
number={3},
pages={1143-1155},
doi={10.1109/TVT.2014.2329303}
}

@ARTICLE{AMQ,
author={{Apache ActiveMQ}},
title={{Clusters: ActiveMQ Artemis Documentation}},
journal={ActiveMQ Artemis Documentation},
url={https://activemq.apache.org/components/artemis/documentation/latest/clusters.html},
year={2014}
}

@ARTICLE{5GSurvey,
author={Shafi, Mansoor and others},
journal={IEEE Journal on Selected Areas in Communications}, 
title={{5G: A Tutorial Overview of Standards, Trials, Challenges, Deployment, and Practice}}, 
year={2017},
volume={35},
number={6},
pages={1201-1221},
doi={10.1109/JSAC.2017.2692307}
}

@SOFTWARE{Source_Code,
author={Keshavamurthy, Bharath and Michelusi, Nicolò},
title={{ACCUSTOM: Adaptive Control and Coordination of UAV Swarms for Traffic Offloading in MIMO ecosystems}},
version={ICC 2024},
month={December},
year={2023}
}

@ARTICLE{Core_SoA_1,
author={Nouri, Nima and Fazel, Fahimeh and Abouei, Jamshid and Plataniotis, Konstantinos N.},
journal={IEEE Transactions on Mobile Computing}, 
title={{Multi-UAV Placement and User Association in Uplink MIMO Ultra-Dense Wireless Networks}},
year={2023},
volume={22},
number={3},
pages={1615-1632},
doi={10.1109/TMC.2021.3108960}
}

@ARTICLE{Core_SoA_1_Ref_12,
author={Mozaffari, Mohammad and Saad, Walid and Bennis, Mehdi and Debbah, Mérouane},
journal={IEEE Transactions on Wireless Communications}, 
title={{Mobile Unmanned Aerial Vehicles (UAVs) for Energy-Efficient Internet of Things Communications}}, 
year={2017},
volume={16},
number={11},
pages={7574-7589},
doi={10.1109/TWC.2017.2751045}
}

@ARTICLE{Core_SoA_1_Ref_13,
author={Lyu, Jiangbin and Zeng, Yong and Zhang, Rui and Lim, Teng Joon},
journal={IEEE Communications Letters}, 
title={{Placement Optimization of UAV-Mounted Mobile Base Stations}}, 
year={2017},
volume={21},
number={3},
pages={604-607},
doi={10.1109/LCOMM.2016.2633248}
}

@ARTICLE{Core_SoA_1_Ref_17,
author={Wu, Qingqing and Zeng, Yong and Zhang, Rui},
journal={IEEE Transactions on Wireless Communications}, 
title={{Joint Trajectory and Communication Design for Multi-UAV Enabled Wireless Networks}}, 
year={2018},
volume={17},
number={3},
pages={2109-2121},
doi={10.1109/TWC.2017.2789293}
}

@ARTICLE{Core_SoA_1_Ref_18_Extended_From_17,
author={Hua, Meng and Yang, Luxi and Wu, Qingqing and Swindlehurst, A. Lee},
journal={IEEE Transactions on Communications}, 
title={{3D UAV Trajectory and Communication Design for Simultaneous Uplink and Downlink Transmission}}, 
year={2020},
volume={68},
number={9},
pages={5908-5923},
doi={10.1109/TCOMM.2020.3003662}
}

@ARTICLE{Core_SoA_1_Ref_14,
author={Mozaffari, Mohammad and Saad, Walid and Bennis, Mehdi and Debbah, Mérouane},
journal={IEEE Communications Letters}, 
title={{Efficient Deployment of Multiple Unmanned Aerial Vehicles for Optimal Wireless Coverage}}, 
year={2016},
volume={20},
number={8},
pages={1647-1650},
doi={10.1109/LCOMM.2016.2578312}
}

@ARTICLE{Core_SoA_1_Ref_24,
author={Nouri, Nima and Abouei, Jamshid and Sepasian, Ali Reza and Jaseemuddin, Muhammad and Anpalagan, Alagan and Plataniotis, Konstantinos N.},
journal={IEEE Internet of Things Journal}, 
title={{Three-Dimensional Multi-UAV Placement and Resource Allocation for Energy-Efficient IoT Communication}}, 
year={2022},
volume={9},
number={3},
pages={2134-2152},
doi={10.1109/JIOT.2021.3091166}
}

@ARTICLE{Core_SoA_1_Ref_21,
author={Zhao, Nan and Pang, Xiaowei and Li, Zan and Chen, Yunfei and Li, Feng and Ding, Zhiguo and Alouini, Mohamed-Slim},
journal={IEEE Transactions on Communications}, 
title={{Joint Trajectory and Precoding Optimization for UAV-Assisted NOMA Networks}}, 
year={2019},
volume={67},
number={5},
pages={3723-3735},
doi={10.1109/TCOMM.2019.2895831}
}

@ARTICLE{Core_SoA_1_Ref_25,
title={{Energy-efficient design for mmWave-enabled NOMA-UAV networks}},
author={Pang, Xiaowei and Tang, Jie and Zhao, Nan and Zhang, Xiuyin and Qian, Yi},
journal={Sci. China Inf. Sci.},
publisher={Springer Science and Business Media LLC},
volume={64},
number={4},
month={Apr},
year={2021},
}

@article{Core_SoA_1_Ref_26,
title={{Joint 3D placement and multi-beam design for UAV-assisted wireless power transfer networks}},
journal={Physical Communication},
volume={44},
pages={101234},
year={2021},
issn={1874-4907},
doi={https://doi.org/10.1016/j.phycom.2020.101234},
url={https://www.sciencedirect.com/science/article/pii/S1874490720303116},
author={Xiangyang Duan and Shaopeng Ao and Wanmei Feng and Jie Tang and Juncheng Hu}
}

@ARTICLE{Core_SoA_1_Ref_27_Related_To_26,
author={Feng, Wanmei and Zhao, Nan and Ao, Shaopeng and Tang, Jie and Zhang, XiuYin and Fu, Yuli and So, Daniel K. C. and Wong, Kai-Kit},
journal={IEEE Transactions on Vehicular Technology}, 
title={{Joint 3D Trajectory Design and Time Allocation for UAV-Enabled Wireless Power Transfer Networks}}, 
year={2020},
volume={69},
number={9},
pages={9265-9278},
doi={10.1109/TVT.2020.2972133}
}

@INPROCEEDINGS{CORES_SPAWC,
author={Hanna, Samer and Krijestorac, Enes and Yan, Han and Cabric, Danijela},
booktitle={2019 IEEE 20th International Workshop on Signal Processing Advances in Wireless Communications (SPAWC)},
title={{UAV Swarms as Amplify-and-Forward MIMO Relays}}, 
year={2019},
volume={},
number={},
pages={1-5},
doi={10.1109/SPAWC.2019.8815538}
}

@INPROCEEDINGS{CORES_ICASSP,
author={Hanna, Samer and Yan, Han and Cabric, Danijela},
booktitle={ICASSP 2019 - 2019 IEEE International Conference on Acoustics, Speech and Signal Processing (ICASSP)}, 
title={{Distributed UAV Placement Optimization for Cooperative Line-of-sight MIMO Communications}}, 
year={2019},
volume={},
number={},
pages={4619-4623},
doi={10.1109/ICASSP.2019.8683875}
}

@ARTICLE{CORES_JSAC,
author={Hanna, Samer and Krijestorac, Enes and Cabric, Danijela},
journal={IEEE Journal on Selected Areas in Communications}, 
title={{UAV Swarm Position Optimization for High Capacity MIMO Backhaul}}, 
year={2021},
volume={39},
number={10},
pages={3006-3021},
doi={10.1109/JSAC.2021.3088677}
}

@ARTICLE{CORES_TWC,
author={Hanna, Samer and Cabric, Danijela},
journal={IEEE Transactions on Wireless Communications}, 
title={{Distributed Transmit Beamforming: Design and Demonstration From the Lab to UAVs}}, 
year={2023},
volume={22},
number={2},
pages={778-792},
doi={10.1109/TWC.2022.3198102}
}

@ARTICLE{Motivation_1,
author={Yang, Beiya and Yang, Erfu and Yu, Leijian and Niu, Cong},
journal={IEEE Transactions on Industrial Informatics}, 
title={{Ultrasonic- and IMU-Based High-Precision UAV Localization for the Low-Cost Autonomous Inspection in Oil and Gas Pressure Vessels}}, 
year={2023},
volume={19},
number={10},
pages={10523-10534},
doi={10.1109/TII.2023.3240874}
}

@ARTICLE{Motivation_2,
author={Chung, Hwei-Ming and Maharjan, Sabita and Zhang, Yan and Eliassen, Frank and Strunz, Kai},
journal={IEEE Transactions on Industrial Informatics}, 
title={{Placement and Routing Optimization for Automated Inspection With Unmanned Aerial Vehicles: A Study in Offshore Wind Farm}},
year={2021},
volume={17},
number={5},
pages={3032-3043},
doi={10.1109/TII.2020.3004816}
}

@ARTICLE{LCSO,
author={Borowska, Bożena},
title={{Learning Competitive Swarm Optimization}},
journal={Entropy},
volume={24},
year={2022},
number={2},
pubmedid={35205576},
issn={1099-4300},
doi = {10.3390/e24020283}
}

@ARTICLE{UAV_Propulsion_1,
author={Yan, Hua and Chen, Yunfei and Yang, Shuang Hua},
journal={IEEE Wireless Communications Letters}, 
title={{New Energy Consumption Model for Rotary-Wing UAV Propulsion}}, 
year={2021},
volume={10},
number={9},
pages={2009-2012},
doi={10.1109/LWC.2021.3090772}
}

@ARTICLE{UAV_Propulsion_2,
author={Gao, Ning and Zeng, Yong and Wang, Jian and Wu, Di and Zhang, Chaoyue and Song, Qingheng and Qian, Jachen and Jin, Shi},
journal={China Communications}, 
title={{Energy model for UAV communications: Experimental validation and model generalization}},
year={2021},
volume={18},
number={7},
pages={253-264},
doi={10.23919/JCC.2021.07.020}
}

@INPROCEEDINGS{KMeans,
title={Some methods for classification and analysis of multivariate observations},
author={MacQueen, James and others},
booktitle={{Proceedings of the fifth Berkeley symposium on mathematical statistics and probability}},
volume={1},
number={14},
pages={281--297},
year={1967},
organization={Oakland, CA, USA}
}

@ARTICLE{ZF,
author={Jindal, N.},
journal={IEEE Transactions on Information Theory}, 
title={{MIMO Broadcast Channels With Finite-Rate Feedback}}, 
year={2006},
volume={52},
number={11},
pages={5045-5060},
doi={10.1109/TIT.2006.883550}
}

@ARTICLE{mTSP,
title={{The Multiple Traveling Salesman Problem: An Overview of Formulations and Solution Procedures}},
journal={Omega},
volume={34},
number={3},
pages={209-219},
year={2006},
issn={0305-0483},
doi={https://doi.org/10.1016/j.omega.2004.10.004},
author={Tolga Bektas}
}

@ARTICLE{mTSP_Branch_and_Bound,
issn={0030364X, 15265463},
author={Bezalel Gavish and Kizhanathan Srikanth},
journal={Operations Research},
number={5},
pages={698--717},
publisher={INFORMS},
title={{An Optimal Solution Method for Large-Scale Multiple Traveling Salesmen Problems}},
volume={34},
year={1986}
}



